2509 4292
101 432 132 494 ι’,
147 445 177 493 c.
193 447 231 493 aa.
313 445 383 492 nm.
411 444 462 492 ιιι.
514 444 592 491 car.
620 422 678 490 59.
709 422 767 491 60.
903 426 976 492 303

100 601 244 671 elapsum.
306 598 469 673 Propinqua
493 598 628 656 adfinitas
651 598 761 657 Ceriali
784 614 850 655 cum
864 598 975 672 Vespa·

100 697 198 763 mano,
212 714 270 753 nec
292 698 356 769 ipse
378 698 518 772 inglorius
541 698 681 754 militiae:
703 714 796 771 eoque
817 697 894 753 inter
916 698 977 754 Du·

70 824 73 832 ¹
97 811 155 852 ces
169 796 338 868 adsumptus
362 805 416 853 est.
457 798 565 854 Flavio
586 813 698 871 quoque
725 796 837 867 Sabino
859 812 895 852 ac
919 796 977 852 Do·

102 896 230 955 mitiano
262 895 390 966 patuisse
426 896 572 969 effugium,
607 895 691 953 multi
729 895 883 951 tradidere.
938 895 979 953 Et

98 977 188 1049 'missi
200 995 240 1048 ab
257 994 389 1051 Antonio
403 994 496 1050 nuntii
526 993 688 1066 pervarias
703 993 823 1050 ialleadi
841 999 917 1050 artes
931 1012 979 1068 pe·

104 1094 272 1156 netrabant,
301 1094 395 1148 locum
423 1109 458 1149 ac
481 1091 654 1164 praesidium
682 1098 885 1149 monstrantes.
928 1094 979 1150 Sa·

104 1189 193 1247 binus
208 1190 368 1246 inhabilem
383 1189 473 1247 labori
488 1197 518 1246 et
532 1183 674 1247 audaciae
688 1190 884 1248 valetudinem
898 1186 980 1248 caus·

104 1290 245 1345 sabatur:
275 1289 449 1345 Domitiano
476 1290 578 1345 aderat
601 1289 715 1346 animus
727 1308 736 1359 ς
748 1269 754 1279 ’
766 1291 816 1346 sed
844 1291 979 1347 custodes

108 1403 128 1445 a
156 1387 278 1445 Vitellio
304 1389 405 1452 additi,
430 1404 601 1462 quamquam
628 1405 660 1444 se
683 1388 780 1444 socios
804 1388 891 1463 lagae
918 1404 980 1462 pro

106 1487 268 1545 mutarent.
291 1491 437 1559 tamquam
457 1487 630 1543 insidiantes
652 1486 836 1543 timebantur.
879 1489 978 1562 Atque

96 1586 169 1658 ‚ipse
187 1585 337 1651 Vitellius,
362 1590 495 1657 respectu
519 1581 634 1641 suarum
658 1585 914 1651 necessitudinum,
938 1586 981 1642 ui·

107 1683 149 1740 trit
178 1684 209 1740 in
232 1683 435 1739 Domitianum
457 1690 539 1739 atrox
564 1685 692 1755 parabat.
735 1684 833 1739 Duces
858 1681 1033 1756 patriando

108 1789 140 1839 ut
153 1782 294 1838 Carsulas
309 1800 427 1846 venere,
441 1798 549 1854 paucos
575 1784 611 1838 ad
627 1780 755 1854 requiem
778 1782 841 1838 dies
855 1788 981 1850 sumunt,

106 1881 204 1938 donec
229 1880 343 1952 aquilae.
366 1880 507 1953 signaque
530 1880 676 1955 legionum
697 1883 930 1956 adsequerentur.
950 1886 980 1938 et

107 1981 190 2035 locus
219 1978 281 2050 ipse
312 1987 471 2035 castrorum
510 1980 653 2051 placebat,
685 1982 744 2035 late
772 1985 980 2051 prospectans:

109 2077 337 2148 tutocopiarum
362 2079 504 2149 adgestu:
533 2077 742 2133 florentissimis
768 2094 843 2148 poue
870 2082 981 2147 tergum

108 2175 289 2248 municipiis.
311 2175 395 2232 simul
409 2175 565 2249 conloquia
585 2191 653 2230 curn
673 2173 854 2237 Vitellianis,
878 2174 982 2231 decem

110 2274 235 2331 millium
263 2273 358 2345 spatio
388 2273 572 2338 distantibus,
593 2278 623 2328 et
655 2265 779 2346 proditio
805 2271 981 2343 sperabatur.

112 2370 212 2444 Aegre
227 2372 257 2427 id
279 2372 339 2442 pati
364 2372 457 2435 mites,
481 2378 510 2427 et
535 2367 688 2429 uictoriam
713 2372 809 2436 malle,
833 2387 919 2444 quam
934 2387 982 2442 pa·

110 2485 188 2527 sem.
219 2487 257 2525 ne
284 2487 349 2526 suus
376 2470 492 2544 quidem
520 2470 651 2542 legiones
682 2467 915 2543 opperiebantur,
948 2474 980 2526 ut

110 2569 248 2641 praedae,
261 2586 348 2641 quam
366 2568 557 2639 periculorum
572 2569 675 2625 socias.
718 2569 849 2625 Vocatus
863 2570 899 2624 ud
913 2586 981 2626 con·

110 2668 229 2727 monem
247 2667 391 2723 Antonius
405 2667 520 2723 docuit:
543 2675 628 2723 ‘esse
645 2669 739 2724 adhue
755 2668 880 2724 Vitellio
895 2668 981 2737 vires,

110 2766 294 2837 ‘ambiguas
315 2765 340 2820 si
368 2763 591 2838 deliberarent3'
609 2784 700 2833 acres,
716 2761 745 2822 vsi
771 2759 980 2839 desperassent.

100 2864 224 2942 ·‘lnitia
261 2864 401 2921 bellorum
437 2863 570 2920 civilium
607 2866 739 2922 fortunae
767 2866 981 2936 permittenda,

112 2960 431 3018 ‘victoriumconsitiis
455 2967 485 3017 et
507 2963 620 3018 ratione
643 2963 751 3033 perlici.
795 2964 857 3018 lam
873 2963 983 3018 Misen-

112 3066 235 3117 ‘ensem
249 3063 373 3115 classem
395 3064 424 3115 et
447 3060 670 3129 pulcherrimam
700 3058 878 3130 Campaniae
903 3076 984 3115 oram

112 3147 313 3215 ‘descivissc:
336 3174 391 3213 nec
406 3158 468 3227 plus
489 3164 582 3213 etoto
604 3166 741 3213 terrarum
761 3157 829 3210 orbe
845 3137 984 3227 reliquum
1091 3163 1096 3176 “

114 3257 272 3322 ‘Vitellio,
299 3274 385 3330 quam
410 3258 484 3331 quod
511 3259 587 3312 inter
612 3249 804 3311 Tarracinam
833 3253 985 3310 Narniam-

114 3360 190 3428 ‘qae
204 3354 310 3411 iaceat.
352 3355 432 3412 Satis
446 3355 554 3428 gloriae
579 3351 689 3425 proelio
710 3352 903 3407 Cremonensi
924 3368 984 3423 par·

114 3457 204 3520 ‘tum,
228 3458 258 3507 et
272 3452 366 3508 exilio
382 3453 545 3509 Cremonae
562 3452 681 3508 nimium
703 3448 896 3505 inuidiaeue
916 3465 984 3505 con·

113 3551 317 3621 ‘cupiseerent
341 3550 464 3607 Romam
486 3567 591 3622 capere
617 3551 720 3622 potius,
745 3565 829 3621 quam
858 3564 984 3605 servare.

111 3649 245 3707 ‘maiora
259 3648 319 3705 illis
343 3647 479 3722 praemia,
500 3655 530 3705 et
552 3652 644 3705 multo
668 3648 826 3707 maximum
848 3650 946 3717 decus,
959 3647 986 3705 si
