2509 4292
248 376 315 443 ¹38
542 396 793 445 utsroarsnvu
959 402 989 446 a.
1003 397 1034 446 v.
1048 399 1105 447 saa.

242 552 273 604 et
287 564 421 621 prospera
433 548 472 604 de
486 547 593 606 Pisone
606 549 684 606 tama
695 547 822 606 oonsilio
842 547 905 605 sina
919 548 1006 606 tidem
1028 549 1107 607 addi·

243 645 335 702 derat.
377 645 455 711 Piso,
479 638 524 702 Ill.¹
548 647 653 704 crana
676 653 707 703 et
727 645 879 703 Scribonia
908 647 1032 720 genitus,
1055 663 1129 704 on·-

243 742 312 802 bita
336 743 486 816 utrimque,
521 745 603 800 vraltu
631 743 786 817 habituque
814 744 901 802 moris
925 744 1047 818 manni,
1078 749 1138 805 ei.
1243 789 1244 797 ,

244 841 446 898 aestimatione
460 848 539 897 reeta
552 857 680 907 severius,
703 841 830 898 deterius
853 842 1109 914 interpretantibus

246 938 354 995 tristior
366 939 531 997 habebatur.
545 955 581 994 ea
594 956 661 1011 pars
675 955 784 996 mamm
798 938 873 1004 eius,
881 957 937 1012 quo
950 940 1113 1013 suspectior

196 1035 387 1105 15sollioitia,
407 1035 558 1106 adoptanti
579 1037 723 1108 placebat.
764 1037 856 1110 Igitur
879 1037 984 1103 Galba,
1008 1039 1110 1108 adpre·

246 1135 336 1191 benaa
359 1131 473 1189 Pisonis
486 1148 582 1199 maula,
595 1133 626 1190 ia
649 1134 728 1192 buno
740 1136 856 1192 modum
869 1136 982 1192 loeutus
1002 1135 1110 1192 tamur:

245 1231 300 1288 ‘si
313 1236 342 1286 te
361 1230 490 1302 privatus
503 1233 570 1305 tege
587 1231 698 1288 curiata
719 1233 795 1305 apud
816 1232 983 1299 Pontifices,
997 1236 1028 1288 ut
1048 1248 1107 1288 me·

245 1328 303 1385 ‘ris
316 1335 370 1393 est,
383 1329 560 1400 adoptarem,
580 1328 699 1386 etmihi
709 1329 857 1404 egregium
868 1336 938 1397 erat,
952 1330 1007 1387 Cn.
1023 1330 1108 1435 Pop·

245 1424 322 1499 ‘peii
336 1431 367 1482 et
389 1424 432 1482 Μ.
455 1425 553 1483 Crassi
567 1429 699 1484 subolem
711 1428 742 1484 in
763 1428 891 1485 Penates
912 1444 991 1483 meos
1015 1426 1112 1483 adsoi·

245 1532 354 1589 ‘soere‚
368 1527 398 1579 et
411 1522 465 1580 tibi
485 1523 609 1597 insigne,
623 1525 772 1600 Sulpiciae
785 1542 824 1582 ae
845 1525 979 1584 Lutatiae
1002 1525 1113 1582 deeora

245 1620 411 1678 ‘nobilitati
448 1627 515 1679 tuae
551 1623 703 1681 adiecisse.
763 1625 853 1681 Nuno
884 1640 941 1691 me,
978 1623 1116 1681 [labrum

245 1719 469 1793 ‘hominumque
511 1738 655 1779 oonseasu
695 1724 732 1780 ad
765 1721 923 1795 imperium
961 1728 1114 1791 rosatum,

246 1819 412 1892 ‘praeelara
433 1817 549 1876 indoles
573 1825 623 1876 tua
643 1826 673 1878 et
695 1837 775 1878 amor
798 1820 909 1893 patriae
932 1819 1046 1892 inpulit,
1077 1825 1113 1877 ut

247 1915 473 1988 ‘Principalum
499 1919 539 1974 de
562 1918 764 1991 quo.,maiorea
789 1917 880 1974 nostri
907 1917 993 1975 armis
1016 1923 1115 1974 oerta·

246 2016 345 2080 ‘baut
359 2017 439 2072 bello
449 2016 579 2088 adeptus,
602 2015 764 2089 quieseanti
776 2016 904 2081 offeram,
917 2017 1052 2088 exemplo
1069 2017 1115 2073 D.

246 2113 400 2186 ‘Augusti
415 2116 462 2188 qui
477 2113 582 2171 sororis
602 2114 700 2171 filium.
726 2112 909 2181 Marcellum,
930 2113 998 2171 dein
1020 2131 1115 2187 gene·

246 2216 337 2278 ‘runa
364 2213 533 2285 Agrippam,
556 2230 623 2270 mox
647 2219 766 2285 nepotes
787 2228 864 2279 suos,
888 2219 1032 2286 postremo
1055 2213 1117 2272 'ri-

246 2309 377 2366 ‘berium
400 2311 558 2376 Neronem,
579 2306 752 2384 privignum,
772 2310 803 2367 in
829 2312 960 2383 proximo
982 2310 1040 2366 sibi
1054 2312 1117 2370 las&

246 2404 339 2479 ‘ligio
357 2409 534 2465 conlocavit.
577 2409 635 2465 Sed
661 2411 809 2482 Augustae
832 2409 863 2465 iu
888 2410 974 2467 domo
995 2426 1116 2467 sueces-

246 2510 360 2561 ‘aorem
390 2506 534 2577 quaesiuit
543 2526 556 2574 ς.
585 2525 658 2580 ego„
681 2506 716 2564 in
747 2507 918 2580 Republica.
939 2525 1008 2574 uon,
1039 2508 1114 2580 quia

245 2601 437 2674 ‘propinquos
450 2610 499 2659 aut
512 2605 611 2661 aooioe
624 2605 693 2663 belli
715 2622 776 2662 uon
789 2607 931 2676 habesne
947 2607 999 2663 sed
1013 2625 1113 2681 nequa

245 2697 326 2769 ‘ipse
350 2699 506 2770 Imperium
533 2702 693 2760 ambitione
720 2705 844 2776 aoaepia
872 2711 911 2760 et'
927 2704 1027 2762 iudioii
1048 2705 1113 2763 mei

244 2796 467 2854 ‘documentum
490 2799 561 2865 aiut,
571 2818 631 2857 aon
646 2819 729 2859 meae
743 2808 855 2861 tantum
869 2802 1111 2871 necessitudines,

245 2892 337 2968 ‘quaa
361 2895 415 2951 tibi
440 2898 595 2970 postposui,
615 2901 669 2957 sed
694 2906 724 2955 et
744 2906 823 2957 tuae.
861 2900 914 2960 Eat
943 2901 996 2957 tibi
1021 2900 1112 2958 irater

245 2992 325 3067 ‘pari
353 2994 515 3063 nobilitate,
541 3002 609 3054 natu
642 2997 742 3062 maior,
769 2998 874 3071 dignus
901 3000 956 3056 bae
986 2998 1113 3067 lortuua,

140 3086 145 3101 ’
246 3092 322 3150 ‘nisi
337 3097 366 3148 tu
381 3093 573 3165 potioreeses.
614 3095 659 3153 Ea
683 3100 764 3152 aetas
789 3101 847 3162 tua,
872 3113 949 3170 quaa
967 3097 1114 3168 eupidita-

244 3198 309 3247 ttea
336 3191 551 3249 adolescentiae
578 3192 637 3248 iam
664 3193 815 3266 effugnu,
835 3211 870 3250 an
899 3194 972 3256 vita,
999 3194 1030 3249 in
1053 3211 1115 3267 qua

135 3316 143 3331 ·
245 3288 337 3344 ‘nibil
364 3290 548 3361 plraeteritum
570 3293 768 3351 excusandum
792 3293 908 3348 babeas.
950 3292 1114 3350 Fortunam

247 3388 357 3443 ‘adbuc
373 3393 484 3445 tantum
502 3390 654 3448 aduersam
674 3389 785 3458 tulistip
802 3391 947 3446 secundae
972 3407 1017 3445 res
1038 3390 1115 3449 anri-

245 3483 360 3543 ·oribus
386 3486 511 3545 stimulis
539 3474 654 3549 animos
683 3489 845 3563 explorant,
879 3487 947 3563 quia
974 3487 1115 3568 miseriae
