2509 4292
66 333 100 387 s.
116 329 148 379 c.
167 333 203 380 rs.
267 270 372 378 ,m
399 331 435 385 u.
486 329 566 378 cnr.
592 310 762 380 tre-49.
871 314 944 385 Μ

65 500 162 545 senes
189 483 324 559 precibus
350 486 506 543 movebat:
541 485 673 558 placidus
706 502 765 555 are,
785 486 945 561 intrepidus

64 583 182 650 verbis,
216 582 439 657 intempestivas
472 601 587 645 suorum
628 584 764 641 lacrimas
797 601 944 644 coercens.

64 678 152 739 Dari
180 697 265 738 naues
293 698 328 737 uc
346 677 471 739 nabata
498 682 671 740 abeuntibus
699 684 797 740 iubet:
833 684 946 743 libellos

67 780 283 855 epistolasque,
304 781 401 838 studio
413 799 482 856 erga
494 800 536 849 se,
550 788 601 838 aut
620 781 652 839 in
678 781 832 841 Vitellium
846 788 946 841 contu·

66 880 177 937 meliis
189 878 328 955 insigues,
341 882 448 950 abolet,
459 880 595 952 pecunias
609 881 764 950 distribuit,
777 898 875 955 parce,
888 898 946 940 nec

65 984 101 1035 ut
140 978 294 1049 periturus.
337 978 411 1035 Mox
445 978 579 1037 Salvium
610 979 819 1045 Cocceianum,
850 979 946 1037 fratris

66 1075 176 1142 lilium,
188 1075 280 1148 prima
294 1076 427 1143 iuventa,
441 1077 585 1151 trepidum
605 1087 634 1134 et
655 1084 843 1144 moerentem,
868 1081 945 1135 ultro

68 1177 186 1232 solatus
215 1179 270 1239 est,
295 1175 440 1235 laudando
473 1172 641 1246 ‘pietatem’
674 1178 747 1242 eius,
774 1176 946 1249 castigando

69 1272 302 1330 ‘formidinem
323 1289 362 1330 an
387 1266 540 1331 Vitellium
555 1280 614 1330 tam
636 1273 747 1333 inmitis
771 1275 946 1343 animitate,

69 1375 135 1434 ‘ut‚
162 1388 215 1442 pro
239 1371 380 1428 incolumi
402 1377 463 1428 tota
487 1374 583 1439 domo,
608 1391 645 1429 ne
660 1373 736 1430 banc
760 1373 876 1448 quidem
889 1372 946 1431 sibi

68 1468 221 1542 ‘gratiam
247 1467 402 1529 redderet?
430 1471 534 1527 mereri
562 1488 595 1526 re
623 1471 760 1529 testinata
779 1473 860 1529 exitu
887 1474 947 1531 cle·

69 1568 237 1624 ‘mentium
253 1567 382 1624 victoris.
425 1569 494 1625 Non
509 1567 589 1627 enim
609 1570 710 1625 ultima
734 1571 946 1643 desperatione,

70 1667 144 1723 ‘sed
165 1672 305 1738 poscente
320 1668 460 1739 proelium
480 1670 622 1731 exercitu,
638 1668 782 1725 remisisse
798 1669 946 1742 Reipubli-

68 1769 149 1831 ‘cae
173 1765 366 1829 novissimum
387 1783 495 1823 casum.
539 1766 616 1822 Satis
636 1766 693 1823 sibi
714 1767 851 1836 nominis,
875 1769 946 1825 satis

72 1864 222 1937 ‘posteris
248 1866 307 1921 suis
347 1864 507 1921 nobilitatis
544 1864 715 1938 quaesitum.
750 1872 814 1939 post
847 1867 947 1933 Iulios,

72 1963 247 2033 ‘Claudios
263 1962 391 2029 Servios,
415 1981 447 2019 se
475 1963 597 2034 primum
621 1963 652 2019 in
677 1963 817 2020 familiam
838 1979 945 2021 novam

73 2061 258 2133 ‘Imperium
272 2061 414 2119 intulisse.
436 2062 556 2133 proinde
583 2068 683 2117 erecto
702 2062 801 2117 animo
814 2077 948 2132 capesse·

75 2164 143 2216 ‘ret
160 2159 262 2226 vitam,
284 2177 350 2227 neu,
374 2165 505 2232 patruum
528 2160 585 2216 sibi
610 2159 767 2222 Othonem,
780 2157 878 2223 luisse,
898 2162 947 2216 aut

75 2256 323 2314 ‘oblivisceretur
352 2276 486 2332 unquam,
513 2265 562 2315 aut
590 2256 712 2314 nimium
747 2255 947 2314 meminisset)

75 2357 158 2437 Post
185 2374 268 2430 quae,
297 2356 414 2414 dimotis
446 2355 589 2420 omnibus,
634 2357 760 2428 paullum
795 2355 946 2429 requievit.
958 2350 999 2410 49

75 2461 167 2529 atque
189 2455 281 2523 illum,
299 2472 446 2527 supremas
466 2456 525 2511 iam
537 2472 620 2511 curas
641 2454 739 2510 animo
759 2456 948 2523 volutantem,

77 2570 186 2626 repens
207 2555 342 2609 tumuitus
363 2554 478 2610 avertit.
501 2554 632 2610 nuntiata
657 2552 891 2611 consternatione
912 2571 948 2615 ac

75 2651 201 2710 licentia
222 2651 355 2708 militurn.
379 2669 501 2725 namque
521 2651 693 2731 abeuntibus
712 2651 837 2709 exitium
865 2653 948 2713 mici·

77 2753 231 2818 labantur3
251 2749 431 2813 atrocissima
445 2749 476 2807 in
497 2751 669 2823 Verginium
685 2750 726 2818 vi,
740 2769 834 2825 quem,
848 2755 948 2810 clausa

74 2851 177 2916 domn,
207 2848 388 2921 obsidebant.
420 2849 571 2922 increpitis
601 2849 948 2918 seditionis-auctoribus,

77 2964 236 3021 regressus,
260 2947 379 3003 vacavit
409 2949 577 3005 abeuntium
605 2948 756 3021 adloquiis,
775 2950 870 3006 donec
890 2967 949 3007 om-

79 3063 137 3104 ues
170 3044 307 3102 inviolati
340 3045 567 3117 digrederentur.
622 3047 858 3125 Vesperascente
891 3045 949 3112 die,

77 3144 161 3202 sitim
193 3145 297 3200 baustu
327 3145 442 3218 gelidae
473 3142 718 3218 aquaesedavit.
757 3148 817 3200 tum
845 3143 950 3199 adlatis

78 3242 256 3316 pugionibus
290 3242 409 3310 duobus,
430 3260 496 3299 cum
518 3250 667 3315 utrumque
688 3245 890 3314 permutasset,
910 3242 950 3296 al·

80 3346 175 3398 terum
204 3339 297 3413 capiti
326 3342 464 3397 subdidit.
485 3349 515 3396 et
536 3342 698 3412 explorato,
729 3339 787 3396 iam
808 3337 951 3411 prolectas

80 3439 209 3515 amiens,
238 3445 356 3495 noctem
390 3440 528 3513 quietam,
562 3445 649 3513 utque
684 3437 857 3505 adfirmatur,
892 3446 951 3495 ricn

82 3538 247 3595 insomnem
278 3538 347 3611 egit.
390 3540 472 3595 Luce
503 3537 603 3611 prima,
634 3537 665 3594 in
699 3537 802 3594 sermm
835 3543 952 3611 pectore
