2509 4292
126 380 158 427 n
176 379 202 427 c.
218 383 255 428 ra.
357 379 426 427 sua.
453 379 490 425 u.
542 378 620 426 cnr.
648 360 815 429 :tn-38.
923 363 998 429 219

125 531 416 607 ‘lastidinutriusque
431 531 586 605 Principis,
600 550 720 608 quornm
740 534 849 607 flagitia
862 551 897 591 ae
910 535 998 594 datle-

125 637 201 689 ‘cus
221 632 365 704 apertiore
383 631 416 689 iu
430 631 493 689 dies
516 632 593 689 lama
621 635 824 697 noscebantur,
850 633 997 690 dubitasse

126 732 309 799 ‘exercitus
333 748 411 799 num,
439 733 716 806 positncertnmine,
739 736 788 791 vel
816 733 872 806 ipsi
895 734 926 791 in
941 750 998 791 me·

128 831 226 888 ‘dium
238 833 446 898 consultarent,
467 834 516 888 vel
532 832 656 890 Senatui
677 832 878 904 permitterent
901 834 997 906 legera

128 931 365 1002 ‘Imperatorem
399 926 497 1005 Atque
511 949 548 986 eo
561 931 662 988 Duces
677 931 859 988 Othonianos
872 931 999 1003 spetlum

125 1036 184 1089 ‘ao
210 1049 304 1088 moras
325 1032 459 1097 suasisse,
492 1031 648 1104 praecipua
674 1049 726 1102 spe
751 1029 900 1087 Paullini:
921 1031 998 1104 quod

125 1131 363 1190 ‘vetustissimus
396 1129 609 1197 Consularium,
628 1135 659 1187 et
683 1129 787 1187 militia
807 1131 912 1196 clarus,
938 1131 998 1202 glo·

124 1230 217 1287 ‘nam
239 1246 401 1302 nomenque
421 1228 600 1285 Britannicis
621 1228 856 1300 expeditionibus
880 1227 997 1284 meruis-

125 1326 213 1385 ‘set.’
252 1328 326 1402 Ego,
346 1333 377 1384 ut
391 1327 596 1394 concesserim,
616 1328 693 1399 apud
714 1342 820 1399 pancos
841 1326 933 1382 tacito
946 1340 997 1382 vo·

114 1433 159 1484 'tu
172 1427 300 1499 quietem
315 1443 366 1498 pro
379 1426 532 1492 discordia,
547 1428 654 1483 bonnm
667 1431 698 1482 et
708 1419 897 1482 innocentem
912 1425 995 1482 Pris-

125 1524 224 1597 oipem
251 1541 303 1598 pro
323 1524 455 1597 pessimis
487 1541 523 1582 ac
544 1524 777 1597 nagittnstssinrts
806 1525 993 1597 expeditum:

125 1623 167 1681 ita
199 1640 291 1697 neque
306 1620 487 1689 'Paullinum
512 1640 567 1696 qua
594 1623 747 1695 prudentia
772 1622 837 1689 luit,
856 1636 996 1695 sperasse,

110 1721 346 1794 'corruptissimo
365 1724 485 1779 saeculo
511 1726 623 1778 tantam
647 1721 729 1795 vulgi
754 1720 995 1790 moderationem,

108 1832 202 1885 reor,
222 1825 263 1889 ut,
277 1821 326 1894 qul
352 1836 455 1902 pacem
475 1820 545 1877 belli
559 1836 656 1877 amare
670 1823 867 1888 turbaverant,
887 1821 995 1877 bellum

125 1919 211 1994 pacis
225 1919 347 1976 caritate
372 1921 552 1992 deponerent
564 1903 578 1975 :⁴
593 1925 751 1994 nequeant
772 1918 919 1976 exercitus
942 1917 996 1974 liu·

123 2020 190 2094 guis
219 2017 400 2092 moribusque
426 2018 558 2074 dissonus
579 2018 609 2074 in
634 2018 712 2073 hunc
743 2030 918 2075 consensum
944 2030 994 2087 pn·

19 2133 20 2146 ²
110 2119 218 2175 *tuisse
240 2119 415 2182 coalescere,
434 2123 484 2173 aut
498 2118 626 2190 Legatos
644 2130 680 2171 ao
706 2114 815 2187 Duces,
829 2128 935 2187 magna
955 2132 995 2172 ex

19 2207 20 2256 i
123 2222 208 2289 parte
236 2217 329 2280 lusos,
350 2215 496 2288 egestatis,
516 2215 658 2271 scelerum
673 2212 730 2269 sibi
756 2211 905 2278 conscius,
937 2211 998 2269 nisi

126 2317 271 2389 pollutum
285 2313 510 2388 obstrictumque
537 2313 649 2370 meritis
664 2311 723 2368 suls
751 2310 995 2384 Principempas·

125 2430 218 2472 suros.
260 2412 356 2469 Vetus
370 2430 405 2468 ae
428 2412 613 2484 iampridem
635 2410 724 2468 insite
752 2409 919 2483 mortalibus
947 2416 1047 2483 [ΜΒ

126 2511 241 2570 tentiae
267 2510 375 2584 cupido
397 2528 463 2568 eum
493 2510 610 2582 imperii
635 2509 836 2583 magnitudine
863 2509 995 2566 adolevit

108 2610 288 2684 erupitque.
344 2610 422 2666 Nam
449 2610 533 2665 rebus
561 2609 694 2676 modicis,
720 2607 880 2683 aequalitas
905 2607 993 2666 [anile

123 2709 308 2766 habebatur:
329 2709 380 2764 sed
394 2708 453 2773 ubi,
470 2710 590 2763 subacto
611 2709 680 2764 orbe
696 2713 725 2764 et
739 2707 861 2765 aemulis
875 2707 993 2765 urbibus

124 2807 314 2881 Regibusque
341 2804 460 2872 excisis,
480 2822 596 2862 securas
623 2822 694 2879 opes
714 2806 922 2880 concupiscere
945 2823 994 2863 va·

125 2921 213 2963 ouum
227 2904 290 2974 init,
312 2904 403 2977 prima
423 2903 500 2960 inter
514 2904 614 2960 Patres
638 2906 810 2979 plebemque
833 2905 995 2965 certamina

126 3021 275 3061 exarsere.
295 3004 382 3060 modo
404 3003 561 3059 turbulenti
577 3003 714 3070 Tribuni,
738 3005 824 3060 modo
851 3004 995 3060 Consules

125 3098 301 3172 praevalidi,
320 3104 350 3155 et
369 3099 400 3155 in
415 3098 485 3154 urbe
509 3114 545 3154 ae
572 3100 634 3154 loru
660 3106 841 3154 tentamenta
862 3100 996 3156 civilium

126 3199 278 3257 bellorum.
303 3197 376 3254 Mox
387 3215 408 3252 >e
422 3198 507 3270 plebe
520 3196 620 3254 infima
634 3195 668 3253 d.
680 3194 800 3262 Marius,
814 3204 844 3254 et
855 3196 996 3255 nobilium
1074 3245 1078 3255 .

159 3371 263 3419 vacuam
269 3371 331 3432 suit]
343 3371 359 3416 i.
369 3385 390 3417 e.
401 3370 455 3417 satis
463 3370 506 3417 otii
519 3369 601 3417 suitab
610 3369 744 3425 externari,
761 3374 785 3416 ut
796 3375 888 3432 possent
896 3372 996 3427 cogitare

19 3479 20 3492 χ
127 3431 273 3490 deponentia
288 3431 398 3488 augenda.
430 3430 531 3476 Imitatus
545 3433 579 3474 est
594 3428 685 3475 Sallunt.
701 3429 728 3475 lr.
746 3429 805 3476 illst.
821 3429 869 3475 iuit.
885 3436 996 3491 postquam

19 3497 20 3518 t
128 3494 208 3535 renota
217 3494 279 3535 meta
289 3488 385 3543 Persice,
400 3489 520 3534 simultdea
536 3500 637 3534 mersen
651 3488 813 3544 assumserit.
825 3488 862 3534 ubi
874 3489 919 3535 vid.
930 3492 993 3538 sort.

127 3548 192 3594 Vett.
209 3548 404 3606 Glossarium,
422 3566 517 3618 wgo.
546 3546 609 3615 &a
635 3547 755 3609 Sichll,
771 3551 793 3595 3.
810 3547 890 3609 quibus
903 3549 996 3597 uum
