<?xml version="1.0" encoding="UTF-8"?>
<!DOCTYPE html PUBLIC "-//W3C//DTD XHTML 1.0 Transitional//EN"
    "http://www.w3.org/TR/xhtml1/DTD/xhtml1-transitional.dtd">
<html xmlns="http://www.w3.org/1999/xhtml" xml:lang="en" lang="en">
 <head>
  <title>
</title>
<meta http-equiv="Content-Type" content="text/html;charset=utf-8" />
  <meta name='ocr-system' content='tesseract 3.04.00' />
  <meta name='ocr-capabilities' content='ocr_page ocr_carea ocr_par ocr_line ocrx_word'/>
</head>
<body>
  <div class='ocr_page' id='page_1' title='image "./ccorneliitaciti03brotgoog_0092.png"; bbox 0 0 2509 4292; ppageno 0'>
   <div class='ocr_carea' id='block_1_1' title="bbox 273 318 1162 386">
    <p class='ocr_par' dir='ltr' id='par_1_1' title="bbox 273 318 1162 386">
     <span class='ocr_line' id='line_1_1' title="bbox 273 318 1162 386; baseline -0.006 -6"><span class='ocrx_word' id='word_1_1' title='bbox 273 318 322 386; x_wconf 82' lang='lat'><strong>70</strong></span> <span class='ocrx_word' id='word_1_2' title='bbox 535 348 538 357; x_wconf 34' lang='grc' dir='ltr'><strong><em>ι</em></strong></span> <span class='ocrx_word' id='word_1_3' title='bbox 603 329 789 382; x_wconf 64' lang='lat' dir='ltr'><strong>susurru</strong></span> <span class='ocrx_word' id='word_1_4' title='bbox 1001 332 1032 374; x_wconf 76' lang='lat' dir='ltr'><strong>a.</strong></span> <span class='ocrx_word' id='word_1_5' title='bbox 1047 327 1081 374; x_wconf 90' lang='lat' dir='ltr'><strong>v.</strong></span> <span class='ocrx_word' id='word_1_6' title='bbox 1098 328 1162 377; x_wconf 87' lang='lat' dir='ltr'><strong>era.</strong></span> 
     </span>
    </p>
   </div>
   <div class='ocr_carea' id='block_1_2' title="bbox 211 483 1238 3530">
    <p class='ocr_par' dir='ltr' id='par_1_2' title="bbox 211 483 1238 3530">
     <span class='ocr_line' id='line_1_2' title="bbox 274 483 1162 559; baseline -0.011 -9"><span class='ocrx_word' id='word_1_7' title='bbox 274 508 325 550; x_wconf 89' lang='lat' dir='ltr'><strong>reu</strong></span> <span class='ocrx_word' id='word_1_8' title='bbox 339 490 499 549; x_wconf 73' lang='lat' dir='ltr'><strong>facinorum</strong></span> <span class='ocrx_word' id='word_1_9' title='bbox 520 486 721 546; x_wconf 70' lang='lat' dir='ltr'><strong>recordatione</strong></span> <span class='ocrx_word' id='word_1_10' title='bbox 735 501 882 559; x_wconf 84' lang='lat' dir='ltr'><strong>uunquam</strong></span> <span class='ocrx_word' id='word_1_11' title='bbox 907 483 1010 542; x_wconf 86' lang='lat' dir='ltr'><strong>timore</strong></span> <span class='ocrx_word' id='word_1_12' title='bbox 1026 500 1162 554; x_wconf 87' lang='lat' dir='ltr'><strong>vacuus,</strong></span> 
     </span>
     <span class='ocr_line' id='line_1_3' title="bbox 274 586 1160 663; baseline -0.008 -13"><span class='ocrx_word' id='word_1_13' title='bbox 274 590 402 650; x_wconf 87' lang='lat' dir='ltr'><strong>deseruit</strong></span> <span class='ocrx_word' id='word_1_14' title='bbox 415 590 574 663; x_wconf 83' lang='lat' dir='ltr'><strong>inceptum,</strong></span> <span class='ocrx_word' id='word_1_15' title='bbox 587 593 595 620; x_wconf 91' lang='lat'>‘</span> <span class='ocrx_word' id='word_1_16' title='bbox 606 593 729 645; x_wconf 85' lang='lat' dir='ltr'><strong>cunetas</strong></span> <span class='ocrx_word' id='word_1_17' title='bbox 742 586 798 643; x_wconf 84' lang='lat' dir='ltr'><strong>ribi</strong></span> <span class='ocrx_word' id='word_1_18' title='bbox 824 602 907 643; x_wconf 88' lang='lat' dir='ltr'><strong>ouras</strong></span> <span class='ocrx_word' id='word_1_19' title='bbox 922 600 1021 642; x_wconf 88' lang='lat' dir='ltr'><strong>amore</strong></span> <span class='ocrx_word' id='word_1_20' title='bbox 1036 586 1160 658; x_wconf 84' lang='lat' dir='ltr'><strong>patriae</strong></span> 
     </span>
     <span class='ocr_line' id='line_1_4' title="bbox 249 687 1160 775; baseline -0.007 -26"><span class='ocrx_word' id='word_1_21' title='bbox 249 757 253 775; x_wconf 47' lang='grc'>1</span> <span class='ocrx_word' id='word_1_22' title='bbox 275 689 432 749; x_wconf 80' lang='lat' dir='ltr'><strong>‘leviores&#39;</strong></span> <span class='ocrx_word' id='word_1_23' title='bbox 444 689 593 747; x_wconf 84' lang='lat' dir='ltr'><strong>dictitans.</strong></span> <span class='ocrx_word' id='word_1_24' title='bbox 635 687 775 744; x_wconf 83' lang='lat' dir='ltr'><strong>‘Vidisse</strong></span> <span class='ocrx_word' id='word_1_25' title='bbox 799 687 909 744; x_wconf 86' lang='lat' dir='ltr'><strong>civium</strong></span> <span class='ocrx_word' id='word_1_26' title='bbox 935 690 1064 743; x_wconf 84' lang='lat' dir='ltr'><strong>moestos</strong></span> <span class='ocrx_word' id='word_1_27' title='bbox 1089 688 1160 743; x_wconf 85' lang='lat' dir='ltr'><strong>vui-</strong></span> 
     </span>
     <span class='ocr_line' id='line_1_5' title="bbox 276 784 1158 863; baseline -0.003 -15"><span class='ocrx_word' id='word_1_28' title='bbox 276 796 349 856; x_wconf 85' lang='lat' dir='ltr'><strong>‘ios‚</strong></span> <span class='ocrx_word' id='word_1_29' title='bbox 363 790 462 846; x_wconf 83' lang='lat' dir='ltr'><strong>audire</strong></span> <span class='ocrx_word' id='word_1_30' title='bbox 475 794 604 845; x_wconf 84' lang='lat' dir='ltr'><strong>secretas</strong></span> <span class='ocrx_word' id='word_1_31' title='bbox 617 784 822 863; x_wconf 78' lang='lat' dir='ltr'><strong>querimonias,</strong></span> <span class='ocrx_word' id='word_1_32' title='bbox 847 786 922 860; x_wconf 89' lang='lat' dir='ltr'><strong>quod</strong></span> <span class='ocrx_word' id='word_1_33' title='bbox 948 791 1064 843; x_wconf 89' lang='lat' dir='ltr'><strong>tantum</strong></span> <span class='ocrx_word' id='word_1_34' title='bbox 1091 787 1158 845; x_wconf 87' lang='lat' dir='ltr'><strong>adi·</strong></span> 
     </span>
     <span class='ocr_line' id='line_1_6' title="bbox 276 885 1238 973; baseline -0.004 -26"><span class='ocrx_word' id='word_1_35' title='bbox 276 894 372 947; x_wconf 86' lang='lat' dir='ltr'><strong>‘turus</strong></span> <span class='ocrx_word' id='word_1_36' title='bbox 386 905 451 945; x_wconf 87' lang='lat' dir='ltr'><strong>esse</strong></span> <span class='ocrx_word' id='word_1_37' title='bbox 470 888 535 954; x_wconf 85' lang='lat' dir='ltr'><strong>iter,</strong></span> <span class='ocrx_word' id='word_1_38' title='bbox 562 886 646 944; x_wconf 89' lang='lat' dir='ltr'><strong>cuius</strong></span> <span class='ocrx_word' id='word_1_39' title='bbox 661 900 697 943; x_wconf 79' lang='lat' dir='ltr'><strong>oe</strong></span> <span class='ocrx_word' id='word_1_40' title='bbox 721 885 854 943; x_wconf 77' lang='lat' dir='ltr'><strong>moriiooa</strong></span> <span class='ocrx_word' id='word_1_41' title='bbox 872 885 989 959; x_wconf 86' lang='lat' dir='ltr'><strong>quidem</strong></span> <span class='ocrx_word' id='word_1_42' title='bbox 1014 902 1157 959; x_wconf 80' lang='lat' dir='ltr'><strong>egressus</strong></span> <span class='ocrx_word' id='word_1_43' title='bbox 1237 908 1238 973; x_wconf 56' lang='lat' dir='ltr'><strong>p</strong></span> 
     </span>
     <span class='ocr_line' id='line_1_7' title="bbox 276 984 1159 1057; baseline -0.002 -12"><span class='ocrx_word' id='word_1_44' title='bbox 276 990 460 1052; x_wconf 61' lang='lat' dir='ltr'><strong>‘tolerarent</strong></span> <span class='ocrx_word' id='word_1_45' title='bbox 475 985 551 1043; x_wconf 86' lang='lat' dir='ltr'><strong>sueti</strong></span> <span class='ocrx_word' id='word_1_46' title='bbox 573 986 728 1042; x_wconf 84' lang='lat' dir='ltr'><strong>adversum</strong></span> <span class='ocrx_word' id='word_1_47' title='bbox 753 984 870 1041; x_wconf 79' lang='lat' dir='ltr'><strong>fortuita</strong></span> <span class='ocrx_word' id='word_1_48' title='bbox 897 984 1038 1057; x_wconf 81' lang='lat' dir='ltr'><strong>adspectu</strong></span> <span class='ocrx_word' id='word_1_49' title='bbox 1066 984 1159 1043; x_wconf 87' lang='lat' dir='ltr'><strong>Prin·</strong></span> 
     </span>
     <span class='ocr_line' id='line_1_8' title="bbox 277 1082 1157 1159; baseline 0 -16"><span class='ocrx_word' id='word_1_50' title='bbox 277 1087 371 1159; x_wconf 88' lang='lat' dir='ltr'><strong>‘cipis</strong></span> <span class='ocrx_word' id='word_1_51' title='bbox 402 1083 537 1142; x_wconf 75' lang='lat' dir='ltr'><strong>refoveri.</strong></span> <span class='ocrx_word' id='word_1_52' title='bbox 598 1084 686 1159; x_wconf 83' lang='lat' dir='ltr'><strong>Ergo,</strong></span> <span class='ocrx_word' id='word_1_53' title='bbox 720 1089 751 1140; x_wconf 89' lang='lat' dir='ltr'><strong>ut</strong></span> <span class='ocrx_word' id='word_1_54' title='bbox 778 1084 810 1141; x_wconf 89' lang='lat' dir='ltr'><strong>io</strong></span> <span class='ocrx_word' id='word_1_55' title='bbox 838 1082 961 1156; x_wconf 83' lang='lat' dir='ltr'><strong>privatis</strong></span> <span class='ocrx_word' id='word_1_56' title='bbox 985 1083 1157 1143; x_wconf 82' lang='lat' dir='ltr'><strong>uecessitu-</strong></span> 
     </span>
     <span class='ocr_line' id='line_1_9' title="bbox 276 1180 1157 1257; baseline 0 -16"><span class='ocrx_word' id='word_1_57' title='bbox 276 1184 412 1241; x_wconf 85' lang='lat' dir='ltr'><strong>‘dinibos</strong></span> <span class='ocrx_word' id='word_1_58' title='bbox 446 1183 578 1257; x_wconf 81' lang='lat' dir='ltr'><strong>proxima</strong></span> <span class='ocrx_word' id='word_1_59' title='bbox 611 1183 733 1257; x_wconf 75' lang='lat' dir='ltr'><strong>pignora</strong></span> <span class='ocrx_word' id='word_1_60' title='bbox 766 1184 979 1255; x_wconf 78' lang='lat' dir='ltr'>praevalerent,</span> <span class='ocrx_word' id='word_1_61' title='bbox 1014 1181 1057 1239; x_wconf 89' lang='lat' dir='ltr'><strong>ita</strong></span> <span class='ocrx_word' id='word_1_62' title='bbox 1093 1180 1157 1241; x_wconf 88' lang='lat' dir='ltr'><strong>Po-</strong></span> 
     </span>
     <span class='ocr_line' id='line_1_10' title="bbox 276 1281 1238 1361; baseline -0.002 -21"><span class='ocrx_word' id='word_1_63' title='bbox 276 1285 394 1356; x_wconf 81' lang='lat' dir='ltr'><strong>‘putum</strong></span> <span class='ocrx_word' id='word_1_64' title='bbox 428 1283 590 1341; x_wconf 87' lang='lat' dir='ltr'><strong>Romanum</strong></span> <span class='ocrx_word' id='word_1_65' title='bbox 625 1281 687 1339; x_wconf 86' lang='lat' dir='ltr'><strong>vim</strong></span> <span class='ocrx_word' id='word_1_66' title='bbox 715 1281 867 1354; x_wconf 81' lang='lat' dir='ltr'><strong>plurimam</strong></span> <span class='ocrx_word' id='word_1_67' title='bbox 895 1281 1013 1347; x_wconf 82' lang='lat' dir='ltr'><strong>bebere,</strong></span> <span class='ocrx_word' id='word_1_68' title='bbox 1045 1297 1157 1354; x_wconf 85' lang='lat' dir='ltr'><strong>paren·</strong></span> <span class='ocrx_word' id='word_1_69' title='bbox 1237 1344 1238 1361; x_wconf 26' lang='lat'>3</span> 
     </span>
     <span class='ocr_line' id='line_1_11' title="bbox 274 1379 1238 1456; baseline 0 -17"><span class='ocrx_word' id='word_1_70' title='bbox 274 1381 591 1456; x_wconf 74' lang='lat' dir='ltr'><strong>‘dumquereiioenti’</strong></span> <span class='ocrx_word' id='word_1_71' title='bbox 633 1382 715 1438; x_wconf 84' lang='lat' dir='ltr'><strong>Haeo</strong></span> <span class='ocrx_word' id='word_1_72' title='bbox 737 1388 823 1454; x_wconf 83' lang='lat' dir='ltr'><strong>atque</strong></span> <span class='ocrx_word' id='word_1_73' title='bbox 847 1379 917 1436; x_wconf 83' lang='lat' dir='ltr'><strong>talia</strong></span> <span class='ocrx_word' id='word_1_74' title='bbox 942 1379 1021 1452; x_wconf 89' lang='lat' dir='ltr'><strong>piebi</strong></span> <span class='ocrx_word' id='word_1_75' title='bbox 1046 1382 1157 1439; x_wconf 86' lang='lat' dir='ltr'><strong>voleu-</strong></span> <span class='ocrx_word' id='word_1_76' title='bbox 1237 1382 1238 1453; x_wconf 72' lang='lat' dir='ltr'><strong>i</strong></span> 
     </span>
     <span class='ocr_line' id='line_1_12' title="bbox 278 1479 1238 1555; baseline -0.001 -16"><span class='ocrx_word' id='word_1_77' title='bbox 278 1480 318 1540; x_wconf 86' lang='lat' dir='ltr'><strong>iia</strong></span> <span class='ocrx_word' id='word_1_78' title='bbox 337 1482 426 1550; x_wconf 87' lang='lat' dir='ltr'><strong>inere,</strong></span> <span class='ocrx_word' id='word_1_79' title='bbox 450 1484 631 1555; x_wconf 79' lang='lat' dir='ltr'><strong>voluptatum</strong></span> <span class='ocrx_word' id='word_1_80' title='bbox 654 1479 803 1553; x_wconf 88' lang='lat' dir='ltr'><strong>cupidine,</strong></span> <span class='ocrx_word' id='word_1_81' title='bbox 827 1484 866 1544; x_wconf 88' lang='lat' dir='ltr'><strong>et,</strong></span> <span class='ocrx_word' id='word_1_82' title='bbox 890 1496 964 1553; x_wconf 87' lang='lat' dir='ltr'><strong>quae</strong></span> <span class='ocrx_word' id='word_1_83' title='bbox 989 1479 1155 1552; x_wconf 85' lang='lat' dir='ltr'><strong>praecipua</strong></span> <span class='ocrx_word' id='word_1_84' title='bbox 1237 1486 1238 1549; x_wconf 82' lang='lat' dir='ltr'><strong>i</strong></span> 
     </span>
     <span class='ocr_line' id='line_1_13' title="bbox 277 1578 1155 1654; baseline 0 -16"><span class='ocrx_word' id='word_1_85' title='bbox 277 1597 347 1638; x_wconf 85' lang='lat' dir='ltr'><strong>eura</strong></span> <span class='ocrx_word' id='word_1_86' title='bbox 386 1587 440 1647; x_wconf 84' lang='lat' dir='ltr'><strong>est,</strong></span> <span class='ocrx_word' id='word_1_87' title='bbox 467 1580 509 1638; x_wconf 87' lang='lat' dir='ltr'><strong>rei</strong></span> <span class='ocrx_word' id='word_1_88' title='bbox 540 1578 745 1638; x_wconf 70' lang='lat' dir='ltr'><strong>frumentariae</strong></span> <span class='ocrx_word' id='word_1_89' title='bbox 772 1579 928 1654; x_wconf 79' lang='lat' dir='ltr'><strong>angustias,</strong></span> <span class='ocrx_word' id='word_1_90' title='bbox 965 1579 992 1636; x_wconf 84' lang='lat' dir='ltr'><strong>ai</strong></span> <span class='ocrx_word' id='word_1_91' title='bbox 1019 1580 1155 1649; x_wconf 83' lang='lat' dir='ltr'><strong>abesset,</strong></span> 
     </span>
     <span class='ocr_line' id='line_1_14' title="bbox 278 1676 1238 1753; baseline 0.001 -18"><span class='ocrx_word' id='word_1_92' title='bbox 278 1680 428 1737; x_wconf 87' lang='lat' dir='ltr'><strong>metuenti.</strong></span> <span class='ocrx_word' id='word_1_93' title='bbox 479 1681 605 1736; x_wconf 84' lang='lat' dir='ltr'><strong>Senatus</strong></span> <span class='ocrx_word' id='word_1_94' title='bbox 632 1685 663 1735; x_wconf 91' lang='lat' dir='ltr'><strong>et</strong></span> <span class='ocrx_word' id='word_1_95' title='bbox 690 1679 827 1753; x_wconf 80' lang='lat' dir='ltr'><strong>primores</strong></span> <span class='ocrx_word' id='word_1_96' title='bbox 852 1679 885 1735; x_wconf 89' lang='lat' dir='ltr'><strong>io</strong></span> <span class='ocrx_word' id='word_1_97' title='bbox 913 1676 1028 1735; x_wconf 83' lang='lat' dir='ltr'><strong>incerto</strong></span> <span class='ocrx_word' id='word_1_98' title='bbox 1054 1685 1154 1748; x_wconf 78' lang='lat' dir='ltr'><strong>orani,</strong></span> <span class='ocrx_word' id='word_1_99' title='bbox 1237 1694 1238 1745; x_wconf 53' lang='grc' dir='ltr'>Τ</span> 
     </span>
     <span class='ocr_line' id='line_1_15' title="bbox 276 1777 1238 1852; baseline 0.002 -19"><span class='ocrx_word' id='word_1_100' title='bbox 276 1779 375 1851; x_wconf 89' lang='lat' dir='ltr'><strong>procui</strong></span> <span class='ocrx_word' id='word_1_101' title='bbox 403 1794 440 1833; x_wconf 86' lang='lat' dir='ltr'><strong>un</strong></span> <span class='ocrx_word' id='word_1_102' title='bbox 467 1793 565 1834; x_wconf 83' lang='lat' dir='ltr'><strong>coram</strong></span> <span class='ocrx_word' id='word_1_103' title='bbox 589 1777 716 1834; x_wconf 74' lang='lat' dir='ltr'><strong>atrocior</strong></span> <span class='ocrx_word' id='word_1_104' title='bbox 742 1779 902 1834; x_wconf 73' lang='lat' dir='ltr'><strong>haberetur.</strong></span> <span class='ocrx_word' id='word_1_105' title='bbox 929 1777 1048 1844; x_wconf 87' lang='lat' dir='ltr'><strong>dehinc,</strong></span> <span class='ocrx_word' id='word_1_106' title='bbox 1072 1792 1152 1852; x_wconf 81' lang='lat' dir='ltr'><strong>quae</strong></span> <span class='ocrx_word' id='word_1_107' title='bbox 1237 1814 1238 1821; x_wconf 26' lang='grc' dir='ltr'><strong>κ</strong></span> 
     </span>
     <span class='ocr_line' id='line_1_16' title="bbox 276 1876 1238 1959; baseline 0.001 -25"><span class='ocrx_word' id='word_1_108' title='bbox 276 1882 379 1934; x_wconf 87' lang='lat' dir='ltr'><strong>natura</strong></span> <span class='ocrx_word' id='word_1_109' title='bbox 398 1876 512 1950; x_wconf 75' lang='lat' dir='ltr'><strong>mugnis</strong></span> <span class='ocrx_word' id='word_1_110' title='bbox 537 1876 698 1942; x_wconf 85' lang='lat' dir='ltr'><strong>timoribus,</strong></span> <span class='ocrx_word' id='word_1_111' title='bbox 719 1877 846 1933; x_wconf 84' lang='lat' dir='ltr'><strong>deterius</strong></span> <span class='ocrx_word' id='word_1_112' title='bbox 874 1877 1042 1944; x_wconf 80' lang='lat' dir='ltr'><strong>eredebant,</strong></span> <span class='ocrx_word' id='word_1_113' title='bbox 1070 1879 1152 1951; x_wconf 88' lang='lat' dir='ltr'><strong>quod</strong></span> <span class='ocrx_word' id='word_1_114' title='bbox 1237 1896 1238 1959; x_wconf 48' lang='lat' dir='ltr'><strong>i</strong></span> 
     </span>
     <span class='ocr_line' id='line_1_17' title="bbox 224 1966 1149 2051; baseline 0.006 -23"><span class='ocrx_word' id='word_1_115' title='bbox 224 1966 265 2028; x_wconf 71' lang='lat' dir='ltr'><strong>a?</strong></span> <span class='ocrx_word' id='word_1_116' title='bbox 278 1980 426 2033; x_wconf 83' lang='lat' dir='ltr'><strong>evenerat.</strong></span> <span class='ocrx_word' id='word_1_117' title='bbox 467 1976 544 2048; x_wconf 87' lang='lat' dir='ltr'><strong>lpse,</strong></span> <span class='ocrx_word' id='word_1_118' title='bbox 557 1980 615 2050; x_wconf 72' lang='lat' dir='ltr'><strong>rfoo</strong></span> <span class='ocrx_word' id='word_1_119' title='bbox 634 1977 720 2033; x_wconf 86' lang='lat' dir='ltr'><strong>iidem</strong></span> <span class='ocrx_word' id='word_1_120' title='bbox 741 1976 913 2049; x_wconf 82' lang='lat' dir='ltr'><strong>adquireret,</strong></span> <span class='ocrx_word' id='word_1_121' title='bbox 925 1975 1000 2033; x_wconf 85' lang='lat' dir='ltr'><strong>nihii</strong></span> <span class='ocrx_word' id='word_1_122' title='bbox 1025 1992 1149 2051; x_wconf 87' lang='lat' dir='ltr'><strong>usquam</strong></span> 
     </span>
     <span class='ocr_line' id='line_1_18' title="bbox 277 2064 1238 2148; baseline 0.002 -16"><span class='ocrx_word' id='word_1_123' title='bbox 277 2075 397 2148; x_wconf 86' lang='lat' dir='ltr'><strong>perinde</strong></span> <span class='ocrx_word' id='word_1_124' title='bbox 412 2077 519 2131; x_wconf 84' lang='lat' dir='ltr'><strong>iactum</strong></span> <span class='ocrx_word' id='word_1_125' title='bbox 541 2074 607 2142; x_wconf 85' lang='lat' dir='ltr'><strong>sibi,</strong></span> <span class='ocrx_word' id='word_1_126' title='bbox 622 2073 745 2147; x_wconf 82' lang='lat' dir='ltr'><strong>publicis</strong></span> <span class='ocrx_word' id='word_1_127' title='bbox 766 2075 840 2132; x_wconf 88' lang='lat' dir='ltr'><strong>iocis</strong></span> <span class='ocrx_word' id='word_1_128' title='bbox 854 2081 963 2131; x_wconf 85' lang='lat' dir='ltr'><strong>struere</strong></span> <span class='ocrx_word' id='word_1_129' title='bbox 991 2075 1148 2146; x_wconf 86' lang='lat' dir='ltr'><strong>convivia,</strong></span> <span class='ocrx_word' id='word_1_130' title='bbox 1237 2064 1238 2067; x_wconf 25' lang='lat'>¹</span> 
     </span>
     <span class='ocr_line' id='line_1_19' title="bbox 279 2173 1148 2249; baseline 0.003 -19"><span class='ocrx_word' id='word_1_131' title='bbox 279 2178 395 2249; x_wconf 88' lang='lat' dir='ltr'><strong>totoque</strong></span> <span class='ocrx_word' id='word_1_132' title='bbox 409 2176 478 2232; x_wconf 88' lang='lat' dir='ltr'><strong>urba</strong></span> <span class='ocrx_word' id='word_1_133' title='bbox 491 2174 574 2249; x_wconf 85' lang='lat' dir='ltr'><strong>quasi</strong></span> <span class='ocrx_word' id='word_1_134' title='bbox 586 2176 673 2231; x_wconf 82' lang='lat' dir='ltr'><strong>domo</strong></span> <span class='ocrx_word' id='word_1_135' title='bbox 685 2173 736 2230; x_wconf 89' lang='lat' dir='ltr'><strong>uti.</strong></span> <span class='ocrx_word' id='word_1_136' title='bbox 778 2173 816 2231; x_wconf 81' lang='lat' dir='ltr'><strong>Et</strong></span> <span class='ocrx_word' id='word_1_137' title='bbox 840 2173 1050 2231; x_wconf 79' lang='lat' dir='ltr'><strong>celeberrimae</strong></span> <span class='ocrx_word' id='word_1_138' title='bbox 1075 2176 1148 2233; x_wconf 85' lang='lat' dir='ltr'><strong>luxu</strong></span> 
     </span>
     <span class='ocr_line' id='line_1_20' title="bbox 277 2271 1238 2347; baseline 0.003 -18"><span class='ocrx_word' id='word_1_139' title='bbox 277 2271 408 2345; x_wconf 75' lang='lat' dir='ltr'><strong>unaque</strong></span> <span class='ocrx_word' id='word_1_140' title='bbox 422 2276 525 2345; x_wconf 86' lang='lat' dir='ltr'><strong>epuiae</strong></span> <span class='ocrx_word' id='word_1_141' title='bbox 543 2273 631 2341; x_wconf 79' lang='lat' dir='ltr'><strong>fuere,</strong></span> <span class='ocrx_word' id='word_1_142' title='bbox 655 2290 725 2347; x_wconf 87' lang='lat' dir='ltr'><strong>quas</strong></span> <span class='ocrx_word' id='word_1_143' title='bbox 749 2272 937 2346; x_wconf 73' lang='lat' dir='ltr'><strong>u&#39;l&#39;igeiiiuo</strong></span> <span class='ocrx_word' id='word_1_144' title='bbox 965 2280 1090 2345; x_wconf 80' lang='lat' dir='ltr'><strong>paratas,</strong></span> <span class='ocrx_word' id='word_1_145' title='bbox 1113 2280 1146 2332; x_wconf 88' lang='lat' dir='ltr'><strong>ut</strong></span> <span class='ocrx_word' id='word_1_146' title='bbox 1237 2324 1238 2345; x_wconf 22' lang='grc' dir='ltr'>ἶ</span> 
     </span>
     <span class='ocr_line' id='line_1_21' title="bbox 279 2371 1230 2445; baseline 0.004 -18"><span class='ocrx_word' id='word_1_147' title='bbox 279 2375 445 2445; x_wconf 76' lang='lat' dir='ltr'><strong>exemplum</strong></span> <span class='ocrx_word' id='word_1_148' title='bbox 465 2372 596 2438; x_wconf 79' lang='lat' dir='ltr'><strong>reseram,</strong></span> <span class='ocrx_word' id='word_1_149' title='bbox 625 2390 661 2429; x_wconf 88' lang='lat' dir='ltr'><strong>ne</strong></span> <span class='ocrx_word' id='word_1_150' title='bbox 689 2371 803 2445; x_wconf 85' lang='lat' dir='ltr'><strong>saepius</strong></span> <span class='ocrx_word' id='word_1_151' title='bbox 830 2373 933 2429; x_wconf 83' lang='lat' dir='ltr'><strong>eadem</strong></span> <span class='ocrx_word' id='word_1_152' title='bbox 960 2373 1149 2445; x_wconf 76' lang='lat' dir='ltr'><strong>prodigentia</strong></span> <span class='ocrx_word' id='word_1_153' title='bbox 1217 2420 1230 2439; x_wconf 47' lang='lat' dir='ltr'><strong><em>f</em></strong></span> 
     </span>
     <span class='ocr_line' id='line_1_22' title="bbox 278 2470 1147 2545; baseline 0.005 -20"><span class='ocrx_word' id='word_1_154' title='bbox 278 2470 420 2525; x_wconf 71' lang='lat' dir='ltr'><strong>narrantia</strong></span> <span class='ocrx_word' id='word_1_155' title='bbox 440 2470 487 2526; x_wconf 89' lang='lat' dir='ltr'><strong>sit.</strong></span> <span class='ocrx_word' id='word_1_156' title='bbox 528 2470 621 2545; x_wconf 76' lang='lat' dir='ltr'><strong>Igitur</strong></span> <span class='ocrx_word' id='word_1_157' title='bbox 642 2471 791 2544; x_wconf 81' lang='lat' dir='ltr'><strong>instagno</strong></span> <span class='ocrx_word' id='word_1_158' title='bbox 814 2471 962 2544; x_wconf 82' lang='lat' dir='ltr'><strong>Agrippae</strong></span> <span class='ocrx_word' id='word_1_159' title='bbox 986 2470 1147 2529; x_wconf 80' lang='lat' dir='ltr'><strong>fabricatus</strong></span> 
     </span>
     <span class='ocr_line' id='line_1_23' title="bbox 278 2568 1238 2642; baseline 0.008 -20"><span class='ocrx_word' id='word_1_160' title='bbox 278 2571 322 2622; x_wconf 88' lang='lat' dir='ltr'><strong>esi</strong></span> <span class='ocrx_word' id='word_1_161' title='bbox 357 2571 457 2634; x_wconf 81' lang='lat' dir='ltr'><strong>ratem,</strong></span> <span class='ocrx_word' id='word_1_162' title='bbox 480 2568 529 2625; x_wconf 88' lang='lat' dir='ltr'><strong>eui</strong></span> <span class='ocrx_word' id='word_1_163' title='bbox 563 2568 774 2642; x_wconf 85' lang='lat' dir='ltr'><strong>superpositum</strong></span> <span class='ocrx_word' id='word_1_164' title='bbox 809 2570 984 2626; x_wconf 80' lang='lat' dir='ltr'><strong>coavivium</strong></span> <span class='ocrx_word' id='word_1_165' title='bbox 1021 2570 1148 2629; x_wconf 78' lang='lat' dir='ltr'><strong>aliarum</strong></span> <span class='ocrx_word' id='word_1_166' title='bbox 1237 2570 1238 2603; x_wconf 72' lang='lat'><em>³</em></span> 
     </span>
     <span class='ocr_line' id='line_1_24' title="bbox 278 2665 1148 2726; baseline 0.006 -6"><span class='ocrx_word' id='word_1_167' title='bbox 278 2667 372 2721; x_wconf 83' lang='lat' dir='ltr'><strong>tractu</strong></span> <span class='ocrx_word' id='word_1_168' title='bbox 387 2665 507 2724; x_wconf 82' lang='lat' dir='ltr'><strong>uarium</strong></span> <span class='ocrx_word' id='word_1_169' title='bbox 531 2676 704 2725; x_wconf 83' lang='lat' dir='ltr'><strong>moveretur.</strong></span> <span class='ocrx_word' id='word_1_170' title='bbox 727 2686 818 2725; x_wconf 85' lang='lat' dir='ltr'><strong>naues</strong></span> <span class='ocrx_word' id='word_1_171' title='bbox 833 2684 902 2724; x_wconf 88' lang='lat' dir='ltr'><strong>auro</strong></span> <span class='ocrx_word' id='word_1_172' title='bbox 929 2674 958 2724; x_wconf 87' lang='lat' dir='ltr'><strong>ei</strong></span> <span class='ocrx_word' id='word_1_173' title='bbox 973 2669 1062 2725; x_wconf 82' lang='lat' dir='ltr'><strong>ebore</strong></span> <span class='ocrx_word' id='word_1_174' title='bbox 1089 2669 1148 2726; x_wconf 86' lang='lat' dir='ltr'><strong>dis·</strong></span> 
     </span>
     <span class='ocr_line' id='line_1_25' title="bbox 278 2761 1238 2857; baseline 0.007 -38"><span class='ocrx_word' id='word_1_175' title='bbox 278 2761 405 2820; x_wconf 85' lang='lat' dir='ltr'><strong>tinctae:</strong></span> <span class='ocrx_word' id='word_1_176' title='bbox 425 2766 605 2841; x_wconf 80' lang='lat' dir='ltr'><strong>remigesque</strong></span> <span class='ocrx_word' id='word_1_177' title='bbox 619 2767 731 2824; x_wconf 84' lang='lat' dir='ltr'><strong>exoieti</strong></span> <span class='ocrx_word' id='word_1_178' title='bbox 743 2785 794 2840; x_wconf 85' lang='lat' dir='ltr'><strong>per</strong></span> <span class='ocrx_word' id='word_1_179' title='bbox 807 2772 919 2824; x_wconf 84' lang='lat' dir='ltr'><strong>aetates</strong></span> <span class='ocrx_word' id='word_1_180' title='bbox 943 2773 974 2824; x_wconf 83' lang='lat' dir='ltr'><strong>ei</strong></span> <span class='ocrx_word' id='word_1_181' title='bbox 988 2767 1148 2825; x_wconf 78' lang='lat' dir='ltr'><strong>seientiam</strong></span> <span class='ocrx_word' id='word_1_182' title='bbox 1237 2838 1238 2857; x_wconf 13' lang='grc' dir='ltr'><strong>Χ</strong></span> 
     </span>
     <span class='ocr_line' id='line_1_26' title="bbox 277 2861 1238 2938; baseline 0.002 -17"><span class='ocrx_word' id='word_1_183' title='bbox 277 2861 430 2921; x_wconf 87' lang='lat' dir='ltr'><strong>libidinum</strong></span> <span class='ocrx_word' id='word_1_184' title='bbox 453 2868 709 2938; x_wconf 84' lang='lat' dir='ltr'><strong>eornponebaniur.</strong></span> <span class='ocrx_word' id='word_1_185' title='bbox 726 2868 859 2923; x_wconf 81' lang='lat' dir='ltr'><strong>roiuores</strong></span> <span class='ocrx_word' id='word_1_186' title='bbox 873 2871 903 2922; x_wconf 88' lang='lat' dir='ltr'><strong>ei</strong></span> <span class='ocrx_word' id='word_1_187' title='bbox 923 2864 1149 2925; x_wconf 84' lang='lat' dir='ltr'><strong>ieras&#39;diversis</strong></span> <span class='ocrx_word' id='word_1_188' title='bbox 1237 2886 1238 2889; x_wconf 43' lang='lat'>¹</span> 
     </span>
     <span class='ocr_line' id='line_1_27' title="bbox 277 2963 1148 3038; baseline 0.005 -19"><span class='ocrx_word' id='word_1_189' title='bbox 277 2980 294 3020; x_wconf 87' lang='lat' dir='ltr'><strong>e</strong></span> <span class='ocrx_word' id='word_1_190' title='bbox 309 2963 391 3021; x_wconf 88' lang='lat' dir='ltr'><strong>terris</strong></span> <span class='ocrx_word' id='word_1_191' title='bbox 405 2969 436 3022; x_wconf 88' lang='lat' dir='ltr'><strong>et</strong></span> <span class='ocrx_word' id='word_1_192' title='bbox 449 2964 587 3023; x_wconf 85' lang='lat' dir='ltr'><strong>animalia</strong></span> <span class='ocrx_word' id='word_1_193' title='bbox 602 2965 688 3022; x_wconf 86' lang='lat' dir='ltr'><strong>maris</strong></span> <span class='ocrx_word' id='word_1_194' title='bbox 704 2965 826 3023; x_wconf 85' lang='lat' dir='ltr'><strong>Oceano</strong></span> <span class='ocrx_word' id='word_1_195' title='bbox 840 2967 966 3038; x_wconf 86' lang='lat' dir='ltr'><strong>abusque</strong></span> <span class='ocrx_word' id='word_1_196' title='bbox 990 2964 1148 3038; x_wconf 79' lang='lat' dir='ltr'><strong>petiverat.</strong></span> 
     </span>
     <span class='ocr_line' id='line_1_28' title="bbox 276 3063 1149 3138; baseline 0.002 -18"><span class='ocrx_word' id='word_1_197' title='bbox 276 3064 473 3136; x_wconf 75' lang='lat' dir='ltr'><strong>crepidinibus</strong></span> <span class='ocrx_word' id='word_1_198' title='bbox 496 3066 590 3138; x_wconf 82' lang='lat' dir='ltr'><strong>stagni</strong></span> <span class='ocrx_word' id='word_1_199' title='bbox 619 3064 770 3137; x_wconf 80' lang='lat' dir='ltr'><strong>lupanaria</strong></span> <span class='ocrx_word' id='word_1_200' title='bbox 793 3064 957 3129; x_wconf 82' lang='lat' dir='ltr'><strong>adstabant,</strong></span> <span class='ocrx_word' id='word_1_201' title='bbox 977 3063 1149 3122; x_wconf 84' lang='lat' dir='ltr'><strong>iuiusiribus</strong></span> 
     </span>
     <span class='ocr_line' id='line_1_29' title="bbox 276 3160 1148 3234; baseline 0.002 -18"><span class='ocrx_word' id='word_1_202' title='bbox 276 3160 392 3218; x_wconf 79' lang='lat' dir='ltr'><strong>seminis</strong></span> <span class='ocrx_word' id='word_1_203' title='bbox 415 3163 571 3234; x_wconf 84' lang='lat' dir='ltr'><strong>compieta.</strong></span> <span class='ocrx_word' id='word_1_204' title='bbox 592 3167 695 3219; x_wconf 81' lang='lat' dir='ltr'><strong>contra</strong></span> <span class='ocrx_word' id='word_1_205' title='bbox 721 3166 818 3218; x_wconf 85' lang='lat' dir='ltr'><strong>scoria</strong></span> <span class='ocrx_word' id='word_1_206' title='bbox 855 3160 1032 3228; x_wconf 85' lang='lat' dir='ltr'><strong>visebantur,</strong></span> <span class='ocrx_word' id='word_1_207' title='bbox 1061 3162 1148 3218; x_wconf 88' lang='lat' dir='ltr'><strong>nudis</strong></span> 
     </span>
     <span class='ocr_line' id='line_1_30' title="bbox 211 3244 1150 3337; baseline 0.002 -21"><span class='ocrx_word' id='word_1_208' title='bbox 211 3244 212 3247; x_wconf 21' lang='lat'>¹</span> <span class='ocrx_word' id='word_1_209' title='bbox 277 3261 454 3332; x_wconf 81' lang='lat' dir='ltr'><strong>corporibus.</strong></span> <span class='ocrx_word' id='word_1_210' title='bbox 476 3262 534 3319; x_wconf 87' lang='lat' dir='ltr'><strong>iam</strong></span> <span class='ocrx_word' id='word_1_211' title='bbox 556 3268 654 3336; x_wconf 84' lang='lat' dir='ltr'><strong>gestus</strong></span> <span class='ocrx_word' id='word_1_212' title='bbox 668 3266 818 3337; x_wconf 85' lang='lat' dir='ltr'><strong>motusque</strong></span> <span class='ocrx_word' id='word_1_213' title='bbox 845 3260 985 3317; x_wconf 76' lang='lat' dir='ltr'><strong>obsceni:</strong></span> <span class='ocrx_word' id='word_1_214' title='bbox 1006 3267 1046 3329; x_wconf 83' lang='lat' dir='ltr'><strong>et,</strong></span> <span class='ocrx_word' id='word_1_215' title='bbox 1071 3267 1150 3333; x_wconf 85' lang='lat' dir='ltr'><strong>post·</strong></span> 
     </span>
     <span class='ocr_line' id='line_1_31' title="bbox 275 3361 1151 3438; baseline 0.005 -24"><span class='ocrx_word' id='word_1_216' title='bbox 275 3378 362 3432; x_wconf 86' lang='lat' dir='ltr'><strong>quam</strong></span> <span class='ocrx_word' id='word_1_217' title='bbox 378 3364 514 3420; x_wconf 87' lang='lat' dir='ltr'><strong>tenebrae</strong></span> <span class='ocrx_word' id='word_1_218' title='bbox 537 3362 722 3428; x_wconf 83' lang='lat' dir='ltr'><strong>incedebant,</strong></span> <span class='ocrx_word' id='word_1_219' title='bbox 737 3367 875 3438; x_wconf 87' lang='lat' dir='ltr'><strong>quantum</strong></span> <span class='ocrx_word' id='word_1_220' title='bbox 893 3362 976 3418; x_wconf 83' lang='lat' dir='ltr'><strong>iuria</strong></span> <span class='ocrx_word' id='word_1_221' title='bbox 991 3361 1151 3427; x_wconf 50' lang='lat' dir='ltr'><strong>remotus</strong></span> 
     </span>
     <span class='ocr_line' id='line_1_32' title="bbox 212 3445 1148 3530; baseline 0.012 -22"><span class='ocrx_word' id='word_1_222' title='bbox 212 3445 214 3447; x_wconf 67' lang='grc'><strong>’</strong></span> <span class='ocrx_word' id='word_1_223' title='bbox 277 3459 308 3510; x_wconf 86' lang='lat' dir='ltr'><strong>et</strong></span> <span class='ocrx_word' id='word_1_224' title='bbox 322 3455 510 3515; x_wconf 85' lang='lat' dir='ltr'><strong>circumiecta</strong></span> <span class='ocrx_word' id='word_1_225' title='bbox 530 3466 618 3530; x_wconf 81' lang='lat' dir='ltr'><strong>tacta,</strong></span> <span class='ocrx_word' id='word_1_226' title='bbox 642 3478 803 3519; x_wconf 86' lang='lat' dir='ltr'><strong>consonare</strong></span> <span class='ocrx_word' id='word_1_227' title='bbox 831 3466 966 3518; x_wconf 79' lang='lat' dir='ltr'><strong>erutuet</strong></span> <span class='ocrx_word' id='word_1_228' title='bbox 990 3459 1148 3519; x_wconf 84' lang='lat' dir='ltr'><strong>iuminibua</strong></span> 
     </span>
    </p>
   </div>
   <div class='ocr_carea' id='block_1_3' title="bbox 254 3552 1149 3636">
    <p class='ocr_par' dir='ltr' id='par_1_3' title="bbox 254 3552 1149 3636">
     <span class='ocr_line' id='line_1_33' title="bbox 254 3552 1149 3636; baseline 0.012 -29"><span class='ocrx_word' id='word_1_229' title='bbox 254 3552 447 3614; x_wconf 61' lang='lat' dir='ltr'><strong>⁸clarescere.</strong></span> <span class='ocrx_word' id='word_1_230' title='bbox 489 3556 566 3630; x_wconf 85' lang='lat' dir='ltr'><strong>lpse,</strong></span> <span class='ocrx_word' id='word_1_231' title='bbox 580 3576 632 3633; x_wconf 89' lang='lat' dir='ltr'><strong>per</strong></span> <span class='ocrx_word' id='word_1_232' title='bbox 655 3560 739 3620; x_wconf 80' lang='lat' dir='ltr'><strong>licita</strong></span> <span class='ocrx_word' id='word_1_233' title='bbox 762 3563 851 3636; x_wconf 84' lang='lat' dir='ltr'><strong>atque</strong></span> <span class='ocrx_word' id='word_1_234' title='bbox 865 3558 980 3619; x_wconf 84' lang='lat' dir='ltr'><strong>inlicita</strong></span> <span class='ocrx_word' id='word_1_235' title='bbox 1005 3560 1149 3627; x_wconf 78' lang='lat' dir='ltr'><strong>foedatur,</strong></span> 
     </span>
    </p>
   </div>
   <div class='ocr_carea' id='block_1_4' title="bbox 0 0 1260 4292">
    <p class='ocr_par' dir='ltr' id='par_1_4' title="bbox 0 0 1260 4292">
     <span class='ocr_line' id='line_1_34' title="bbox 0 0 1260 4292; baseline 0 0"><span class='ocrx_word' id='word_1_236' title='bbox 0 0 1260 4292; x_wconf 95' lang='lat' dir='ltr'><strong> </strong></span> 
     </span>
    </p>
   </div>
  </div>
 </body>
</html>
