2509 4292
283 299 332 367 78
646 317 833 369 usnemu
1012 319 1040 367 s.
1059 318 1088 367 v.
1107 321 1164 369 ue.

282 472 400 534 edebat,
431 471 531 530 habitu
551 472 669 546 aurigas
696 472 856 545 permixtus
880 468 969 544 plebi,
989 472 1038 528 vet
1069 471 1166 529 nursi·

281 573 350 629 outo
376 570 523 629 insistens.
563 571 663 634 Vnde,
690 587 863 645 quemquam
882 570 1022 626 adversus
1057 575 1164 627 sontes

282 676 313 728 et
337 671 497 728 novissimo
520 671 656 741 exempto
679 669 806 735 meritos,
834 667 982 727 miseratio
1001 667 1163 736 oriebatur,

282 774 428 842 tamquam
454 785 511 825 non
532 768 659 825 utilitate
693 767 818 838 pontion,
845 768 896 823 sed
930 767 961 822 in
995 767 1161 824 soevitiam

230 867 377 934 45unius,
410 869 637 923 absumerentur.
698 867 816 923 Interea
849 864 1035 922 conterendis
1071 882 1163 937 penu·

283 966 341 1023 niis
369 970 534 1038 pervastato
560 963 656 1031 ltutis,
683 963 854 1036 provincias
874 980 1006 1028 eversae,
1020 963 1159 1037 sociique
1222 1002 1238 1015 Α,

283 1063 392 1136 populi,
412 1068 443 1118 et
466 1079 539 1135 quse
567 1061 723 1118 civitatum
738 1061 846 1118 tiberne
868 1067 1019 1118 vocentur.
1062 1062 1162 1136 Inque

282 1178 347 1218 am
367 1161 502 1232 praedam
528 1161 617 1217 etiem
644 1160 696 1217 Dii
716 1177 841 1225 cessere,
862 1159 994 1231 spoliatis
1022 1158 1054 1216 in
1084 1161 1160 1220 urbe

281 1260 408 1329 templis,
422 1266 578 1332 egestoque
605 1276 684 1321 suro,
698 1261 773 1332 quou
795 1258 956 1331 triumphis,
970 1258 1044 1330 quod
1068 1258 1161 1327 votis,

238 1360 247 1365 “
281 1354 374 1413 omnis
400 1356 503 1428 Populi
528 1356 652 1413 Romani
676 1364 756 1413 oetas
780 1360 924 1429 prospere,
947 1361 996 1412 sut
1011 1356 1042 1412 in
1063 1362 1158 1425 metu,

282 1462 457 1511 sacraverat.
499 1455 668 1520 Enimvero,
687 1472 739 1526 por
769 1455 870 1511 Asism
892 1461 979 1528 atque
1006 1455 1158 1512 thnium

282 1571 341 1611 noo
360 1555 437 1610 dous
458 1558 578 1619 tautum,
592 1554 645 1610 sed
665 1552 821 1610 simulacro
846 1553 1006 1610 Nominum
1029 1552 1158 1623 obripie-

283 1653 395 1717 bantur,
416 1651 510 1707 missis
525 1651 556 1707 in
577 1665 627 1707 eos
648 1650 816 1723 provincius
839 1653 949 1708 Aeroto
964 1667 1000 1706 so
1015 1651 1160 1707 Secundo

283 1749 431 1809 Corinate.
473 1750 530 1806 lito
558 1748 688 1816 tibertus,
715 1750 887 1823 cuicumque
908 1749 1020 1822 flagitio
1042 1766 1159 1822 promp-

283 1855 346 1915 tus3
367 1847 426 1913 hie,
445 1846 562 1904 Grseee
576 1847 710 1904 doctrino
730 1865 781 1904 ore
805 1854 890 1904 tenus
912 1847 1069 1911 exereitus,
1093 1847 1158 1903 sni·

282 1963 361 2005 mum
375 1946 458 2003 bouis
481 1944 590 2002 artibus
609 1964 669 2003 non
684 1946 826 2003 induerat.
866 1946 1028 2003 Ferebatur
1041 1952 1049 1977 ‘
1063 1946 1157 2001 Sene-

284 2051 348 2112 ‘nn‚
378 2062 435 2119 quo
465 2043 608 2100 invidiam
640 2042 787 2116 sacrilegii
820 2048 954 2100 osemet
987 2039 1157 2108 everteret?

282 2143 433 2217 longinqui
454 2144 525 2199 ruris
538 2158 685 2197 senessuns
699 2141 859 2208 ‘orarium
872 2147 912 2207 et,
927 2146 1080 2215 postqusm
1094 2158 1157 2198 nou

283 2243 524 2308 ‘concedebatur,
544 2241 613 2297 tiotn
627 2239 805 2305 valetudiue,
829 2238 910 2313 quasi
932 2256 1020 2312 seges
1045 2240 1159 2308 nervis,

283 2339 466 2395 ‘cubiculum
481 2356 538 2394 non
553 2335 704 2410 egressus!
725 2336 888 2394 'l’rndidere
902 2337 1028 2412 quidam,
1044 2343 1157 2395 ‘vens-

283 2440 370 2492 ‘num
393 2435 422 2490 ei
446 2452 496 2505 per
520 2434 654 2492 libertum
678 2435 776 2509 ipsius,
796 2436 844 2493 oui
869 2453 976 2493 nomeu
998 2433 1156 2503 Cleonious,

281 2538 429 2603 ‘puratum
444 2532 521 2589 iussu
541 2532 686 2590 Neronis:
709 2534 919 2608 vinumquea
944 2535 1070 2600 seneca,
1091 2527 1161 2607 pross

280 2629 411 2687 ‘ditione
426 2630 532 2697 liberti,
545 2648 596 2688 seu
620 2631 735 2704 propris
757 2632 918 2701 formidine,
931 2634 1001 2690 dum
1023 2633 1156 2705 simplis-i

281 2728 383 2785 ‘victu
408 2733 440 2784 et
462 2729 622 2802 agrestibus
646 2729 749 2802 pomis,
774 2747 818 2799 oo,
843 2730 946 2787 sisitis
971 2730 1154 2800 admoueret,

279 2827 458 2901 ‘profluente
471 2843 552 2900 aqua,
568 2826 659 2883 vitam
675 2826 798 2885 tolerat?
907 2836 911 2845 ’

226 2942 268 3000 46
319 2926 376 2983 Per
399 2925 478 2982 idern
491 2931 603 2997 ternpus
623 2925 800 2997 gtndistores
814 2925 890 2998 opud
909 2925 1049 2997 oppidum
1064 2925 1155 2983 Prse-

279 3031 369 3095 ueste,
390 3027 503 3082 tentato
530 3022 689 3095 eruptione,
718 3022 863 3097 praesidio
884 3024 997 3090 militis,
1017 3023 1066 3097 qni
1088 3039 1154 3081 cus·

278 3133 323 3182 tos
356 3125 465 3188 oderat,
498 3120 620 3178 coerciti
652 3127 737 3178 sunt:
779 3121 839 3178 isnr
871 3121 1037 3198 &pontonem
1055 3127 1084 3177 et
1111 3139 1154 3180 se·
1235 3106 1236 3155 3

277 3230 338 3281 tero
363 3219 440 3278 nnn
467 3217 624 3276 rumoribus
653 3219 764 3277 serente
788 3223 906 3294 populo,
932 3228 965 3277 ut
987 3226 1034 3278 est
1059 3238 1151 3279 novu-

278 3338 339 3378 rum
367 3334 460 3377 rerum
491 3315 612 3389 cupiens
638 3317 827 3392 pavidusque.
880 3319 946 3377 Neo
969 3320 1062 3376 multo
1084 3323 1152 3392 post

278 3420 376 3475 eludes
387 3417 428 3474 rei
443 3416 557 3472 novatis
571 3414 731 3488 oooipitur:
752 3433 811 3473 nou
825 3417 922 3472 betto:
942 3415 1049 3490 quippe
1072 3417 1152 3474 houd
1234 3480 1235 3483 Ἴ

278 3517 350 3573 ntins
371 3520 430 3575 tom
443 3516 554 3571 inmoto
568 3530 626 3588 pos
641 3532 648 3572 ε
668 3514 720 3573 sed
734 3518 844 3573 certum
868 3514 906 3573 nd
930 3513 1009 3572 diem
1022 3510 1054 3573 in
1067 3512 1153 3573 Gum-
