2509 4292
125 315 157 365 Δ.
174 313 203 361 c.
219 314 257 361 ru.
357 311 427 359 nra.
444 311 481 361 u.
532 311 610 361 oar.
641 289 808 360 dae-70.
924 293 998 363 239

122 465 195 531 bru,
219 466 347 525 Senatu
371 464 529 539 legatione,
550 481 637 538 quem
664 464 706 520 ibi
715 465 841 538 opperiri
867 466 998 534 iusserat,

122 563 239 627 audita,
253 569 446 636 umrgressur
472 564 502 619 iu
526 570 632 628 castra,
654 566 730 621 ultro
754 564 913 636 ‘pietatem
927 564 1000 621 mili-

127 661 222 721 ‘lum'
243 660 451 719 conlaudavit:
471 660 660 719 frementibus
673 662 801 721 auxiliis.
815 668 943 718 ‘lantum
958 640 1001 718 in·

136 759 299 832 ‘punitatis
321 766 410 834 atque
432 760 619 832 adrogantiae
644 759 810 831 legionariis
823 758 1003 821 accessisse?

133 858 279 917 cobortes
294 858 481 919 Batavorum.
502 858 621 931 nequid
643 857 833 914 truculentius
852 860 1001 925 auderent,

126 956 162 1014 in
184 955 373 1015 Germaniam
397 958 552 1023 remissae3
581 955 755 1028 principium
777 956 894 1015 interno
914 957 999 1015 simul

126 1060 309 1128 externoque
324 1056 402 1111 bello
422 1054 590 1125 parantibus
604 1054 679 1111 latis.
722 1055 848 1113 Reddita
871 1054 1000 1112 civitati·

127 1153 182 1211 bus
196 1153 351 1213 Gallorum
362 1151 482 1217 auxilia,
496 1152 600 1225 ingens
621 1170 764 1219 numerus,
787 1159 818 1210 et
832 1152 923 1224 prima
944 1157 1000 1210 sta·

126 1250 182 1308 iim
195 1250 362 1309 detentione
376 1250 452 1306 inter
476 1249 576 1307 inania
602 1250 672 1307 belli
694 1252 869 1323 adsumptus.
912 1251 998 1308 Cete-

128 1348 202 1411 rum,
236 1355 267 1405 ut
295 1347 494 1422 largitionibus
520 1349 653 1407 adseclae
687 1349 746 1406 ian
773 1350 892 1422 Imperii
927 1367 997 1423 opes

128 1447 304 1513 srrffioerenl,
330 1447 492 1518 ‘amputari
517 1445 665 1519 legionum
691 1446 920 1521 auxiliorumque
949 1466 998 1506 uu·

126 1544 249 1603 ‘merus'
274 1545 364 1611 iubet,
386 1544 486 1602 vetitis
508 1545 734 1616 supplementis:
764 1551 794 1602 el
818 1546 998 1618 promiscuae

124 1645 280 1703 turinnes
312 1645 514 1703 offerebantur.
547 1643 700 1701 exitiabile
722 1636 760 1700 ‘id
796 1643 998 1717 Reipublicae,

123 1743 272 1818 ingratum
304 1744 401 1809 militi,
433 1742 483 1800 cui
509 1742 612 1799 eadem
640 1742 739 1801 munia
775 1742 853 1800 inter
879 1759 997 1816 paucus,

124 1842 312 1916 periculaque
345 1858 381 1898 ac
409 1843 491 1898 labor
522 1841 650 1898 crebrius
684 1841 826 1901 redibunt.
858 1847 890 1900 ct
919 1842 997 1904 vires

18 2013 19 2016 Ἴ
126 1943 198 2000 luxu
221 1942 496 2011 conrumpebanlur,
521 1945 623 1998 contra
649 1945 778 1998 veterem
803 1941 998 2014 disciplinam,

125 2046 157 2098 el
190 2039 324 2099 instituta
352 2040 510 2108 maiorum
546 2040 623 2110 apud
657 2057 727 2113 quos
759 2040 879 2107 virtute,
911 2057 996 2113 quam

124 2139 261 2215 pecunia,
282 2156 326 2196 res
349 2139 482 2197 Romana
504 2138 608 2199 melius
636 2138 726 2221 stelit.
767 2138 841 2196 lude
855 2134 1048 2199 Vitelliusld

125 2237 303 2297 cremonam
336 2237 430 2300 flexit,
455 2241 495 2301 et,
528 2239 662 2306 spectato
691 2251 809 2293 munere
836 2235 998 2305 caecinae,

124 2335 261 2394 insistere
276 2334 519 2392 Bedriacensibus
542 2333 664 2405 campis,
690 2349 725 2390 ac
750 2333 875 2407 vestigia
897 2351 996 2393 recen·

125 2434 164 2493 tis
190 2433 332 2492 rutenae
361 2434 482 2507 lustrare
508 2431 601 2489 oculis
628 2431 810 2505 concupivit.
864 2432 994 2492 Fueduur

123 2537 212 2606 atque
226 2537 311 2589 atrox
329 2533 540 2604 spectaculum.
561 2529 638 2587 intra
663 2531 913 2606 quadragesimum
928 2549 995 2607 pug-

124 2648 182 2691 sae
209 2629 289 2688 diem
315 2631 413 2686 lacera
440 2644 570 2701 corpora,
597 2629 692 2686 trunci
713 2635 800 2698 artus,
827 2637 924 2704 putres
951 2632 995 2689 vl·

18 2723 19 2742 ³
123 2746 222 2789 rorum
253 2744 447 2802 equorumque
480 2727 599 2794 formae,
631 2727 746 2786 inlecta·
774 2731 842 2787 tabu
882 2732 994 2799 humus,

126 2826 269 2908 protritis>
290 2826 439 2884 arboribus
467 2843 502 2882 ac
522 2826 660 2902 frugibus,
685 2826 749 2884 dira
776 2828 907 2886 vastitas.
936 2846 992 2886 nac

123 2925 222 2985 niuno
235 2925 395 2983 inhumana
418 2941 483 2997 paru
497 2926 574 2992 viae,
593 2941 681 3000 quam
695 2925 908 2984 Cremonenses
934 2929 993 2983 lau·

124 3040 158 3082 ro
177 3023 308 3097 rosisque
331 3028 561 3090 constrauerunt,
584 3023 742 3080 exstructis
767 3024 905 3081 altaribus
928 3039 993 3081 cae·

18 3117 19 3120 ’
123 3122 220 3197 sisque
240 3121 380 3189 siclinis,
406 3121 531 3196 Regium
556 3120 589 3177 iu
615 3137 742 3179 murem:
764 3137 845 3197 quae,
860 3123 938 3177 laeta
960 3121 992 3179 in

153 3294 217 3343 Inter
228 3294 309 3342 inania
324 3295 386 3355 bella]
401 3295 424 3342 b.
436 3309 457 3342 e.
473 3309 531 3355 quae
545 3293 641 3355 speciem
656 3292 726 3352 magis
740 3292 862 3340 terribilem
876 3293 992 3352 haberent,

126 3366 191 3413 quam
201 3354 255 3400 vim.
287 3353 419 3423 Eatspecies
436 3357 472 3399 est
486 3354 555 3400 etiam
570 3354 593 3399 in
609 3352 752 3398 mullitudine
767 3352 880 3411 copiarum
893 3371 898 3397 ι
913 3357 937 3397 et
951 3354 992 3400 bac

125 3413 257 3518 &afflamina
270 3413 354 3461 auulra
370 3419 475 3460 maante.
506 3411 590 3460 laonio
606 3411 639 3459 sic
657 3411 703 3458 dici
718 3412 808 3467 Tacito,
825 3425 892 3472 supra
905 3424 993 3473 quoque

153 3546 284 3598 latumano
292 3561 346 3608 porr
354 3548 413 3611 uiue]
424 3549 439 3597 i.
450 3562 471 3596 a.
482 3549 578 3598 insoleus
588 3552 700 3611 apparatu
709 3552 734 3596 et
742 3547 860 3608 tyrannim
870 3546 951 3610 specie.
