2509 4292
118 304 136 343 Ι

265 358 315 425 22
583 370 769 423 sunam
984 330 1148 424 arsur..

264 522 460 588 issOoloniae
473 530 504 585 et
517 532 743 604 cognomentum
757 526 907 584 allerona
922 526 1136 601 adipiscuntur·
1174 608 1177 611 Ι

264 627 408 686 Veterani
441 627 605 686 'Parentum
644 630 675 683 et
712 625 836 684 Antium
869 626 1032 700 adscripti:
1073 645 1138 685 non

264 731 362 785 tamen
388 724 600 800 infrequentiae
636 726 766 782 locorum
799 727 978 791 subvenere,
1010 725 1138 799 dilapsis

264 826 391 899 pluribus
403 824 436 881 in
450 822 625 897 provincias,
649 821 680 879 in
705 823 808 895 quibus
831 824 978 896 stipendia
992 826 1136 899 expleve-

264 930 349 982 rant:
383 939 477 997 neque
502 920 648 995 eoniugiis
674 921 878 994 suscipiendis,
901 939 996 996 neque
1010 921 1144 1001 'alendis'

263 1023 362 1082 liberis
375 1021 459 1087 sueti,
472 1021 556 1078 orbas
575 1020 641 1077 sine
654 1019 777 1093 posteris
797 1006 899 1078 domos
913 1021 1132 1095 relinquebant.

263 1123 332 1180 Non
346 1121 435 1187 enim,
449 1124 479 1176 ut
489 1118 570 1185 olim,
582 1119 738 1176 universae
752 1119 882 1193 legiones
901 1120 1137 1187 deducebantur,

262 1237 330 1278 oum
341 1216 481 1276 Tribunis
490 1221 521 1275 et
532 1215 806 1285 Centurionibus,et
816 1217 861 1274 sui
869 1217 1008 1292 cuiusque
1019 1219 1136 1276 ordinis

262 1316 412 1382 militibus,
438 1320 470 1374 ut
482 1333 627 1375 consensu
641 1320 672 1371 et
685 1316 808 1372 caritate
836 1316 941 1389 itemp.
962 1317 1134 1378 efficerent:

262 1416 315 1472 sed
338 1415 432 1490 ignoti
454 1415 530 1472 inter
540 1431 582 1480 se,
599 1412 724 1471 dirersis
746 1413 911 1486 manipulis,
921 1413 988 1472 sine
1008 1423 1137 1485 rectore,
1176 1404 1180 1410 ⁹

261 1513 325 1571 sine
334 1513 494 1570 adfectibus
508 1511 623 1579 mutuis,
634 1511 716 1586 quasi
726 1528 767 1568 ea
777 1510 837 1568 alio
846 1528 954 1584 genere
965 1515 1137 1572 mortalium

261 1618 380 1685 repente
404 1612 436 1669 in
460 1628 547 1668 unum
571 1609 722 1678 conlecti3
752 1627 886 1667 numerus
914 1611 1016 1685 magis,
1043 1630 1133 1686 quam

208 1713 249 1772 28
262 1709 386 1766 oolonia.
428 1707 556 1766 Comitia
571 1707 748 1776 Praeturam,
762 1707 879 1766 arbitrio
891 1709 1018 1767 Senatus
1030 1710 1144 1768 baberi>

261 1806 356 1871 solita,
389 1807 465 1879 quod
492 1806 604 1862 acriore
631 1806 741 1863 ambitu
775 1806 954 1875 exarserant,
988 1807 1137 1882 Princeps

260 1903 431 1975 eomposuit,
445 1903 506 1969 tris,
519 1902 581 1977 qui·
591 1920 678 1976 supra
691 1921 841 1962 numerum
855 1906 1006 1978 petebant,
1019 1898 1135 1980 legioni

261 2002 464 2076 praeficiendo.
507 1999 656 2075 Auxitque
671 2000 789 2060 Petrum
804 2004 953 2070 honorem,
963 2007 1144 2073 statuendo,

261 2104 322 2167 tut,
335 2102 384 2175 qui
399 2117 417 2157 a
430 2099 553 2173 privatin
564 2098 712 2156 iudicibus
725 2101 763 2157 ad
786 2100 926 2158 Senatum
942 2102 1138 2175 provocaris·

258 2204 356 2266 trent,
370 2200 499 2257 eiusdem
513 2198 654 2271 pecuniae
668 2198 827 2269 periculum
848 2198 988 2268 iaeerent,
1001 2217 1069 2258 uum
1083 2201 1141 2270 iis,-

261 2296 331 2370 ‘qui
354 2298 561 2369 imperatorem
584 2293 790 2367 adpellavere.'
809 2312 878 2353 nam
899 2306 988 2354 antea
1003 2306 1142 2361 vaenum

252 2394 292 2453 'id
326 2392 506 2466 solutumque
538 2410 634 2464 poena
667 2393 769 2450 luerat.
811 2394 887 2460 Eine
913 2395 986 2452 anni
1022 2396 1142 2453 Vibius

262 2491 424 2554 Seeundrrs,
451 2488 548 2563 Eques
582 2489 739 2558 Romanus,
767 2493 973 2550 accusantibus
1008 2493 1133 2563 Mauris,

133 2626 141 2637 ,
261 2588 483 2662 repetundarum
509 2588 670 2654 damnatur,
700 2595 786 2662 atque
817 2589 902 2646 ltalia
926 2591 1063 2665 exigitur,
1091 2598 1139 2650 ne·

260 2685 394 2763 graviore
409 2702 501 2758 poena
514 2686 696 2753 adficeretur,
711 2686 795 2743 Vibii
821 2687 927 2761 Crispi,
952 2688 1057 2757 fratris,
1070 2691 1140 2765 ops·

261 2789 314 2844 bus
328 2786 433 2843 enisus.

208 2889 250 2950 29
301 2885 448 2943 Caesonio
463 2884 563 2948 Paeto,
587 2883 727 2940 Petronio
741 2884 918 2956 Turpiliano
931 2904 1013 2944 coss.
1028 2888 1130 2961 granis

260 2985 360 3044 eludes
374 2984 404 3040 in
420 2981 585 3041 Brittannia
599 2988 732 3054 aooepta.
775 2984 809 3039 ln
823 3001 878 3058 qua
889 3002 982 3059 neque
997 2987 1035 3042 Α.
1047 2986 1135 3044 Didi·

259 3103 293 3144 us
318 3085 456 3158 Legatos,
480 3090 510 3138 ut
534 3081 703 3145 memoravi,
728 3081 784 3137 nisi
808 3087 889 3152 parta
910 3083 1078 3150 retinuerat,
1098 3066 1150 3142 et*

259 3201 409 3243 successor
424 3181 579 3242 Veranius,
594 3179 716 3236 modicis
730 3180 900 3237 excursibus
916 3164 1027 3238 Siluras
1042 3201 1131 3256 popu·

259 3286 344 3348 lalus,
370 3282 440 3358 quia
465 3282 539 3336 ultra
553 3281 660 3335 bellum
684 3276 830 3351 proterret,
851 3288 943 3335 morte
968 3281 1131 3357 prohibitus

260 3390 324 3440 est:
345 3397 459 3456 magna,
484 3380 553 3435 dum
579 3378 664 3445 vixit,
685 3376 852 3433 severitatis
873 3377 961 3441 lama,
986 3382 1131 3453 supremis

261 3534 378 3655 ¹¹bli'lggur
387 3531 533 3642 ιΙὶοόιιιῐιιὶιιε]
572 3530 634 3579 Vide
651 3545 710 3595 quae
727 3530 757 3579 de
775 3528 887 3580 Siluribus,
902 3530 966 3578 dicta
982 3540 1039 3582 suut
1054 3535 1134 3585 Anasi

310 3629 316 3641 .
357 3607 387 3642 ,e
444 3625 450 3637 .
