2509 4292
116 384 149 435 a.
165 382 194 432 o.
210 386 250 432 ua.
333 381 405 430 nm.
430 376 502 429 xtv.
552 378 633 430 car.
660 364 828 433 51.-53.
947 366 994 436 37

117 536 332 597 ‘iectamentis
358 536 505 611 Principis
538 540 637 611 putam
669 539 810 612 iniquum,
835 540 997 601 detrectare

117 640 207 696 ‘rim
219 637 285 695 eius
305 655 396 711 cqnm
419 638 565 712 regentis3
585 639 719 695 infudere
743 656 842 705 voces,
864 642 998 715 quotiens

118 743 275 795 ‘moeret
317 738 413 809 Quem
426 737 464 794 ad
478 736 565 795 tinem
581 737 654 795 nihii
670 738 700 794 in
716 738 790 810 Rep.
804 741 915 796 ciarum
928 739 999 809 fore,

119 839 223 912 ‘qaod
243 855 301 895 non
324 839 363 893 ab
377 836 430 894 itio
454 836 573 910 reperiri
596 839 741 897 credatur.
783 838 873 896 Certe
888 838 1000 896 finitam

120 937 275 995 ‘Neronis
298 936 463 1010 pueritiam,
485 941 517 993 et
541 940 627 993 robur
650 938 790 994 iuventae
815 939 928 995 adesse.
950 955 1001 996 ex·

122 1042 226 1096 ‘neret
241 1037 419 1112 magistrum,
439 1035 512 1093 satis
532 1038 639 1108 emptis
656 1038 823 1095 doctoribus
842 1039 1001 1097 instructus

122 1137 304 1195 ‘maioribus
332 1134 415 1194 suis?
471 1137 513 1193 At
541 1137 659 1209 Seneca
691 1138 911 1195 criminantium
941 1145 1054 1208 uoo53

121 1239 253 1313 ignauus.
268 1237 457 1309 prodentibus
477 1237 524 1302 iis,
537 1236 641 1312 quibus
662 1237 759 1310 atiqna
783 1238 896 1295 honesti
920 1255 1001 1308 cura,

121 1344 155 1396 et
182 1337 413 1395 familiaritatem
439 1337 502 1393 cios
525 1335 617 1410 magis
642 1337 835 1407 adspernante
862 1337 1001 1406 Caesare,

123 1443 240 1510 tempus
250 1436 380 1494 sermoni
392 1440 471 1493 orat:
492 1444 523 1493 et
536 1443 672 1508 accepto,
692 1435 734 1493 ita
748 1436 868 1509 incipit:
889 1438 1001 1510 ‘Quar-

123 1538 326 1594 ‘tusdecimus
339 1552 432 1594 annus
445 1540 501 1595 est.
515 1536 637 1601 Caesar,
660 1553 699 1591 cx
713 1553 770 1610 qno
785 1535 847 1608 spei
863 1543 929 1593 tuae
952 1537 1002 1594 ad·

124 1644 242 1695 ‘motus
266 1652 346 1694 suun:
366 1641 500 1703 octavus,
524 1642 555 1692 nt
578 1634 737 1708 Imperium
751 1637 884 1705 obtines,
905 1636 1002 1695 medio

123 1736 285 1807 ‘temporis
299 1742 411 1793 tantum
435 1736 576 1792 honorum
598 1740 684 1809 atque
698 1753 786 1807 opum
800 1736 830 1793 in
853 1755 899 1793 me
923 1755 1002 1795 erum·

122 1836 243 1903 ‘piasti
256 1841 290 1892 ut
303 1835 377 1892 nihii
401 1835 538 1892 felicitati
561 1852 646 1893 meae
659 1835 744 1900 desit,
759 1836 815 1892 nisi
841 1836 1002 1893 moderatio

124 1936 220 1992 ‘eiua
263 1936 340 1993 Vtar
358 1936 473 2008 magnis
493 1936 648 2007 exemptis,
673 1953 729 1993 nec
755 1953 838 1992 meae
860 1926 1002 2004 fortunae,

126 2037 200 2092 ‘sed
226 2042 301 2092 tuae.
346 2037 566 2100 Abarne-tuus,
592 2037 749 2107 Angustus,
780 2033 821 2088 tl.
853 2036 1002 2107 Agrippae

125 2134 349 2209 ‘Mitylenensc
363 2139 527 2203 secretam
549 2134 583 2191 G.
605 2127 786 2196 Maecenati,
801 2134 869 2187 urbe
884 2134 915 2189 in
930 2133 1003 2205 ipsa,

123 2225 229 2292 ‘reiut
266 2235 450 2307 peregrinum
483 2234 575 2291 otium
604 2231 752 2304 permisit:
783 2248 903 2305 quornm
929 2233 1004 2288 atter

125 2336 290 2391 ‘bettorum
316 2333 424 2400 socius,
450 2336 524 2390 atter
554 2332 669 2388 Romae
703 2328 831 2403 pturibus
858 2328 1003 2389 laboribus

125 2432 282 2500 ‘iactatus
297 2436 394 2504 ampta
408 2432 534 2507 quidem,
548 2432 600 2488 sed
624 2448 677 2503 pro
690 2428 859 2503 ingentibus
882 2428 1003 2499 meritis,

125 2533 278 2608 ‘praemia
292 2536 478 2604 acceperant.
518 2531 583 2605 Ego
596 2530 665 2606 quid
685 2530 764 2586 atiud
785 2531 1002 2588 munificentiae

126 2639 216 2692 ‘inae
240 2632 380 2689 adhibere
405 2630 496 2705 potui,
520 2647 606 2705 quam
630 2630 735 2693 studia,
749 2638 778 2686 nt
801 2629 845 2687 sic
866 2631 1002 2700 dixerim,

129 2735 179 2793 ‘iu
192 2734 295 2790 umbra
309 2728 457 2789 educata?
476 2734 506 2787 et
527 2730 630 2805 quibus
653 2730 796 2786 claritudo
820 2730 912 2795 venit,
926 2731 1002 2805 quod

126 2832 286 2890 ‘iuventae
314 2835 382 2888 tuae
406 2830 578 2887 rudimentis
600 2827 725 2885 adfuisse
755 2828 866 2895 videor,
892 2810 1002 2903 grande

127 2932 234 2989 ‘huius
248 2931 292 2989 rei
316 2930 450 3003 pretium.
472 2935 501 2985 at
517 2934 548 2986 tu
572 2929 696 3001 gratiam
716 2927 898 2994 immensam,
920 2931 1002 2986 innu-

127 3037 259 3091 ‘rneram
280 3029 437 3102 pecuniam
457 3027 691 3085 circumdedisti:
712 3029 796 3094 adeo,
823 3035 855 3083 ut
880 3031 1003 3098 pteram-

124 3141 197 3207 ‘qne
209 3130 287 3187 intra
302 3130 413 3201 meipse
425 3129 562 3184 volvam:
577 3126 690 3202 Egone,
703 3126 830 3200 equestri
842 3134 871 3181 ct
886 3126 1001 3196 provin·

124 3229 217 3287 ‘ciali
231 3231 299 3285 ioco
312 3233 400 3291 onus,
415 3226 580 3298 proceribus
594 3224 725 3283 civitatis
739 3220 933 3280 adnunreror?
955 3224 1001 3282 tu·

18 3342 19 3353 ¹
125 3333 194 3387 ‘ter
217 3327 347 3405 nobiles,
363 3333 394 3383 ct
417 3328 505 3400 ionga
525 3327 634 3382 decora
655 3322 862 3398 praeferentes,
884 3322 1000 3382 novitas

156 3506 246 3551 sum
261 3506 318 3549 uu
335 3500 466 3561 sumar]
498 3499 569 3546 ummo
584 3498 676 3545 asam.
707 3495 770 3555 zap.
807 3495 843 3544 sa
862 3496 869 3543 ῑ
887 3480 910 3544 'se
926 3502 1000 3545 nutu

20 3570 23 3617 ζ
126 3554 638 3622 rocatmpr.113,3t.undammliyckio
655 3556 738 3620 recepi.
768 3554 829 3605 Em.
881 3556 1002 3607 tamea

128 3620 242 3671 holm.
254 3624 274 3678 f,
286 3623 322 3671 to

167 3721 240 3762 ron.
259 3721 296 3762 rr.
577 3703 596 3757 4
