2509 4292
266 316 316 384 82
589 335 775 385 snnmrrur
992 341 1022 387 a
1039 339 1070 387 v.
1086 342 1148 389 ars,

266 489 413 549 ‘familiae
428 490 623 548 minitabatur.
663 490 827 548 Decernite
845 491 963 549 hercule
987 493 1140 566 inpunita·

264 595 355 648 ‘tem
398 592 450 657 At,
464 608 548 664 quem
569 589 696 666 dignitus
711 607 763 645 sua
789 592 937 658 desendet,
958 609 1025 649 curn
1048 594 1140 651 Prue·

266 689 397 746 ‘iectura
411 690 489 745 urbis
510 705 567 745 uon
583 685 740 758 profuerit?
761 706 846 760 quem
874 706 1008 746 numerus
1035 709 1139 749 servo·

266 793 348 845 ‘rum
375 789 511 854 tuebitur,
524 803 591 843 cum
619 770 781 843 Pedanium
806 787 972 844 Secundum
1000 790 1138 862 quadrin-

266 886 365 962 ‘geuti
393 904 451 943 nou
478 883 682 958 protexerint?
714 886 762 941 cui
791 885 902 941 familia
935 902 1020 958 opem
1050 888 1137 956 ieret,

265 990 359 1060 ‘quse
383 1002 421 1041 uc
435 985 467 1041 iu
491 989 570 1041 meto
591 984 709 1057 quidem
729 983 858 1055 pericula
883 991 979 1040 nostro
1004 983 1137 1044 avertit?

265 1084 348 1149 ‘An
368 1088 401 1139 ut
431 1081 548 1156 quidam
568 1082 677 1155 fingere
708 1098 771 1138 nou
800 1082 983 1148 erubescunt,
1010 1084 1136 1143 iniurius

265 1187 274 1215 ‘
288 1198 354 1238 suas
374 1183 450 1238 ultus
464 1189 509 1238 est
522 1176 711 1237 interlector?
731 1179 798 1254 quia
812 1181 850 1236 de
864 1185 985 1251 paterna
1005 1175 1138 1261 pecunia

265 1284 475 1359 ‘transegerat
495 1287 546 1339 aut
559 1278 670 1336 avitum
698 1278 877 1351 mancipium
900 1278 1137 1342 detrahebatur?

264 1378 510 1436 ‘Pronuntiemus
534 1377 776 1443 ultro,domiuum
790 1375 852 1434 iure
878 1394 998 1435 caesum
1026 1379 1133 1438 videri

211 1465 254 1525 44
268 1476 374 1534 ‘Libet
387 1484 556 1550 argumenta
569 1476 740 1549 conquirere
761 1476 793 1532 in
814 1492 861 1542 eo,
878 1477 954 1549 quod
975 1477 1137 1548 sapientium

265 1574 359 1632 ‘ribus
379 1576 569 1638 deliberatum
596 1569 662 1630 est?
693 1573 753 1629 Sed
777 1578 817 1639 et,
845 1573 871 1629 si
900 1591 978 1631 nune
1007 1575 1135 1645 primum

264 1674 466 1729 ‘abluendum
494 1673 682 1739 haberemus3
702 1670 871 1738 creditisne,
904 1672 1140 1730 servumiuter·

168 1816 173 1821 .
263 1770 406 1826 ‘boiendi
423 1769 534 1827 domini
562 1769 690 1826 animum
718 1768 883 1840 sumpsisse.
916 1775 947 1825 ut
978 1786 1038 1826 nou
1069 1789 1135 1829 vox

263 1867 387 1926 ‘minax
404 1863 578 1943 excideret?
593 1867 666 1923 nibil
687 1884 738 1940 per
762 1868 956 1925 temeritatem
976 1870 1134 1943 proloque-

265 1963 386 2024 ‘returi
428 1967 507 2023 Saos
527 1964 682 2022 consilium
712 1946 850 2030 occuluit,
871 1968 960 2022 telum
988 1966 1066 2023 iuter
1088 1967 1133 2041 ig-

263 2073 365 2125 ‘uoros
396 2063 527 2139 paravit:
549 2079 618 2120 oum
651 2062 792 2121 excubias
824 2063 967 2131 transiret,
997 2063 1132 2124 cubiculi

262 2166 356 2224 ‘tores
378 2165 548 2230 recluderet,
568 2164 666 2219 lumen
693 2160 820 2227 interret,
844 2164 967 2220 caedem
992 2168 1133 2235 patraret,

262 2264 418 2322 ‘omuibus
452 2256 581 2319 nesciis?
632 2260 727 2315 Multa
756 2261 875 2317 sceleris
905 2260 1017 2317 indicia
1049 2253 1133 2334 prae·

261 2363 415 2419 ‘veniunt
457 2360 543 2417 Servi
564 2361 589 2416 si
604 2360 736 2432 prodant,
750 2375 898 2430 possumus
919 2359 1027 2432 singuli
1047 2360 1132 2419 inter

263 2463 385 2533 ⁴·plures,
406 2457 461 2515 tuti
484 2458 694 2523 intercludor,
723 2463 877 2529 postremo,
905 2456 931 2512 si
952 2459 1131 2530 pereundum

262 2557 328 2621 ‘sit,
362 2573 422 2611 non
442 2554 528 2611 inuiti
560 2554 638 2611 iuter
664 2561 805 2611 nocentes
840 2570 935 2628 egere.
985 2557 1133 2628 Suspecta

262 2653 440 2711 ‘maioribus
462 2653 566 2709 nostris
596 2652 677 2709 luere
705 2652 825 2726 ingenia
849 2669 1008 2720 servorum,
1038 2655 1131 2713 etiam

162 2729 167 2740 ⁸
261 2758 347 2810 ‘cum
379 2751 410 2807 in
443 2751 520 2824 agris
540 2755 590 2807 aut
625 2750 758 2807 domibus
792 2751 895 2807 iisdem
931 2757 1130 2824 nascerentur,

260 2851 488 2929 *caritatemque
502 2849 689 2906 dominorum
703 2850 802 2905 statim
823 2849 1001 2922 acciperent.
1042 2851 1129 2908 Post·

261 2957 369 3025 ‘quam
391 2966 461 3005 vero
494 2947 626 3005 nationes
646 2947 677 3004 in
704 2947 821 3004 familiis
841 2949 996 3014 habemus,
1020 2948 1125 3021 quibus

260 3047 393 3107 “diversi
415 3047 494 3114 ritus,
515 3051 638 3102 externa
661 3061 753 3112 sacra,
775 3051 823 3101 aut
851 3046 928 3100 nulla
953 3052 1027 3112 sunt,
1055 3064 1128 3104 cou-

260 3156 273 3183 ⁴¹
284 3150 395 3206 luviem
416 3147 500 3202 istam
523 3160 581 3200 uon
605 3142 662 3199 nisi
690 3148 769 3199 metu
793 3142 966 3199 coercueris.
993 3147 1050 3200 ·At
1065 3128 1129 3218 uni-

260 3249 350 3304 ‘dam
371 3246 502 3303 insontes
524 3241 668 3314 peribunt..
708 3241 785 3297 Nam
800 3246 829 3297 et
854 3259 891 3297 ex
907 3240 970 3296 luso
984 3242 1128 3312 exercitu,

260 3349 350 3402 ‘cum
381 3343 511 3401 decimus
535 3339 653 3414 quisque
678 3337 746 3396 iusti
767 3338 877 3405 seritur,
899 3339 989 3395 etiam
1012 3340 1128 3398 strenui

259 3443 444 3499 ‘sortiuntur
486 3437 582 3495 Habet
595 3436 703 3511 aliquid
719 3454 758 3492 ex
772 3416 871 3509 iniquo
884 3453 971 3492 omne
989 3455 1129 3510 magnum

258 3542 452 3613 *exemplum
472 3537 548 3612 quod
574 3542 676 3595 contra
697 3535 826 3612 singulos
852 3534 979 3594 utilitate
1006 3539 1133 3612 publica
