2509 4292
112 356 141 404 a
157 354 186 403 c.
202 358 239 405 n.
287 308 290 311 ’
330 353 401 402 na.
428 353 452 401 1.
503 353 582 402 cn.
608 333 777 401 aa-an.
906 337 976 403 rao
1030 420 1034 425 ‚

109 526 233 574 vocans,
246 523 293 574 ac,
307 487 447 565 memoria
467 505 631 565 Neroniani
654 505 819 569 comitatur,
839 506 977 566 mater·

107 606 188 665 ulca
202 608 406 679 adpellaorlo3
432 607 505 663 alioa
531 610 702 679 agnoacere,
727 607 866 678 quonlam
890 607 978 680 requi·
1040 678 1045 683 .

106 723 173 764 rare
202 713 231 762 et
255 705 381 778 pecunia
406 710 456 761 aot
480 705 572 778 gratia
596 705 717 761 iuvare:
736 696 894 761 inaerenrlo
919 722 980 763 aae·

109 803 179 878 piue
192 804 320 877 querelas
339 809 369 858 et
383 803 532 875 ambigooa
551 804 589 859 de
610 803 708 859 Galba
722 819 882 865 aermooea,
894 819 980 876 quae·

111 920 171 978 qne
186 904 242 958 alia
263 905 445 958 turbamenta
460 901 549 974 vulgi.
599 902 728 958 Lanam
752 902 896 969 itinerum,
921 902 980 958 ino

107 1001 159 1074 pia
185 1006 406 1063 commeatuum,
430 999 536 1055 duritia
562 999 686 1069 imperii,
705 999 833 1059 atmciua
855 999 981 1071 accipie·

104 1099 221 1163 bantur,
250 1115 328 1162 cum,
355 1097 536 1169 Campaniae
567 1099 647 1153 laeua
673 1105 704 1154 et
735 1097 867 1154 Achaiae
895 1099 979 1154 urbe·

104 1196 251 1256 nauibus
265 1197 346 1252 adire
358 1195 450 1255 soliti,
467 1195 649 1268 Pyrenaeum
662 1201 693 1251 et
710 1198 802 1266 Alpe·
814 1201 846 1252 et
869 1196 980 1253 inmon-

104 1312 137 1352 aa
151 1295 268 1353 viarum
280 1295 375 1364 coatia
396 1311 482 1366 aegre
495 1299 549 1351 rub
569 1294 657 1350 armis
681 1294 868 1351 eniterentur.
911 1295 977 1351 Fla·
988 1289 1032 1348 2⁴

104 1395 257 1466 grantibua
271 1393 329 1449 iam
344 1392 467 1448 militum
488 1391 594 1448 animia
619 1394 700 1449 velut
725 1393 805 1448 lacer
827 1392 980 1450 addiderat

108 1493 572 1566 mammaemammal·
601 1495 755 1568 Tigellini.
776 1494 800 1551 ia
825 1496 976 1554 mobilini·

105 1610 341 1667 unumquemque
355 1594 482 1667 ingenio,
502 1600 553 1651 aul
578 1594 720 1665 pecumae
734 1592 873 1666 indigum,
900 1602 930 1652 et
944 1595 975 1652 in

106 1708 204 1748 novae
223 1692 398 1763 cupiditatea
413 1691 612 1763 reaccipitem,
636 1691 812 1757 adliciendo,
834 1710 873 1748 eo
898 1695 976 1766 paul·

102 1789 191 1847 latim
214 1807 376 1863 progreaaua
399 1797 454 1855 eat,
467 1797 498 1846 ut
521 1808 572 1862 per
590 1789 719 1862 speciem
739 1791 884 1858 convivii,
907 1809 975 1865 quo·

102 1890 186 1947 liena
227 1888 324 1944 Galba
355 1890 433 1960 apori
472 1888 617 1946 Otbooem
650 1892 824 1961 epularetur,
856 1888 972 1947 cohorti

105 1985 248 2042 excubiae
269 1986 368 2060 agenti
391 1986 501 2045 viritim
514 1993 656 2044 centenos
679 2005 782 2044 nuraoe
802 1987 969 2052 divideret:

102 2100 196 2159 qnam
209 2086 288 2141 velut
303 2086 448 2157 qmblicam
463 2086 646 2158 largitionem
673 2085 753 2141 Otho
771 2083 975 2143 recretiorihur

19 2244 20 2247 Ἴ
102 2184 186 2256 apud
212 2183 339 2257 cingulos
363 2183 498 2255 praemiis
518 2184 708 2250 intendebam
732 2184 807 2238 adeo
826 2182 973 2241 animoaua

19 2258 20 2289 ³
101 2288 265 2353 corruptor,
280 2287 311 2338 ut
325 2281 455 2339 Cocceio
475 2282 609 2347 Proculo,
623 2280 809 2353 apeculatori,
831 2281 869 2337 de
893 2287 974 2354 parte

103 2380 208 2438 linium
240 2396 307 2437 cum
340 2379 443 2437 vicino
474 2379 646 2453 ambigenti,
679 2379 846 2438 unireraum
880 2380 973 2439 vicini

99 2493 213 2552 agrum,
227 2495 278 2535 aaa
300 2478 425 2550 pecunia
448 2484 586 2550 emptum,
610 2480 688 2536 douo
700 2478 832 2536 dederit:
854 2483 906 2553 ber
928 2496 972 2538 ro·

101 2575 233 2633 cordiam
247 2575 399 2642 Praefecti,
412 2593 497 2650 quem
511 2582 580 2633 nota
604 2577 711 2649 pariter
723 2581 754 2634 et
779 2580 896 2637 occulta
918 2580 970 2638 tat·

101 2674 212 2731 lebant
256 2675 314 2732 Sed
330 2681 421 2732 tome
447 2674 558 2732 libertis
581 2675 772 2734 Onomaatum
794 2677 888 2736 loturo
907 2668 1020 2738 ace-25

98 2773 155 2829 leri
169 2772 317 2844 praefecit,
331 2790 348 2829 a
363 2790 422 2847 quo
435 2772 574 2831 Barbium
588 2773 751 2842 Proculum,
767 2774 970 2836 Teaeeranum

98 2873 321 2943 apeculalorum,
353 2878 384 2928 et
413 2871 579 2938 Veturium,
611 2872 768 2945 optionem
802 2877 970 2941 eorundem,

99 2970 263 3042 perductos,
277 2974 427 3043 postquam
453 2969 536 3026 vario
549 2986 681 3028 sermone
694 2971 818 3029 callidoe
832 2975 969 3031 audacer·

99 3084 157 3140 que
170 3067 319 3140 coguovit,
334 3067 426 3139 prelio
436 3072 466 3123 et
480 3068 626 3140 promiaala
641 3075 753 3137 onerat,
765 3069 833 3125 data
844 3068 970 3143 pecunia

98 3165 139 3220 ad
165 3166 370 3237 pertentandoa
397 3165 521 3238 plurium
546 3166 668 3224 animoa.
723 3167 885 3238 Suraepare
911 3166 970 3223 duo

99 3263 294 3335 manipulares
322 3263 478 3337 Imperium
514 3265 586 3337 Pop.
611 3264 696 3321 Rom.
718 3262 969 3335 transferendum

101 3364 135 3416 el
159 3364 394 3419 transtulerunt.'
415 3363 451 3420 lu
478 3360 691 3420 conscientiam
718 3358 855 3416 laciuoria
883 3362 969 3434 pauci

100 3458 213 3515 adsciti.
234 3477 388 3533 auspenaoa
401 3465 562 3518 ceterorum
577 3458 690 3516 animoa
712 3456 836 3514 divereia
859 3459 967 3519 artibua

100 3555 267 3614 stimulant:
300 3558 438 3631 primores
465 3558 601 3626 militum,
625 3573 677 3632 per
704 3554 847 3617 beneficia
875 3559 967 3634 Nym-

146 3671 214 3711 uon.
233 3673 270 3712 rr.
528 3659 565 3711 13
