2509 4292
316 319 391 388 216
528 346 531 353 ·
642 320 894 386 n1sron1savss
1036 338 1067 386 s.
1083 338 1116 387 v.
1134 342 1184 389 aar.

261 492 321 552 32‘
333 508 444 550 morsm
466 490 537 564 ipsis
549 472 661 549 utitem*
671 489 822 547 disseruit:
843 470 1036 549 ‘Exercitum
1062 491 1184 550 Vitettii

312 591 503 649 ‘universum
523 590 693 648 aduenisse:
715 605 770 646 nec
793 590 914 646 muttum
929 589 1064 647 viriumr
1088 595 1183 665 tergo,

314 691 472 766 ‘quoniam
486 689 602 746 Gattiae
617 694 755 754 tumeant,
769 692 800 745 et
813 688 949 744 deserere
969 688 1067 744 Rheni
1079 687 1184 760 ripum,

314 788 488 862 ‘inrupturis
515 793 572 843 tam
599 784 711 842 infestis
735 785 911 853 nationibus,
936 803 994 843 uon
1017 788 1183 844 conducat:

314 890 322 918 ‘
338 886 537 944 Britannicum
552 883 674 941 mititem
689 883 773 940 buste
787 890 817 955 et
843 885 917 942 mari
942 884 1096 942 distineri:
1120 885 1184 943 His·

314 985 433 1059 ‘panias
447 984 533 1039 armis
557 999 616 1039 non
643 981 686 1038 ita
699 984 875 1039 redundare:
899 983 1083 1055 provinciam
1111 984 1183 1040 Nur·

313 1084 488 1140 ‘bonensem
502 1080 619 1137 incursu
633 1082 735 1136 classis
756 1086 787 1137 et
806 1081 930 1140 adverso
944 1082 1056 1153 proelio
1070 1086 1184 1139 contre·

310 1164 453 1238 ²muisse:
474 1180 605 1235 clansam
630 1178 765 1250 Alpibus,
779 1185 810 1235 et
830 1180 910 1234 unito
934 1178 1020 1235 maris
1043 1179 1183 1246 subsidio,

309 1276 571 1348 ‘Transpadauam
587 1277 704 1333 ltaliam
715 1281 801 1349 atque
820 1276 885 1347 ipso
897 1278 1019 1333 transitu
1032 1278 1181 1335 exercitus

307 1380 457 1431 ‘vastamz
468 1391 526 1431 non
540 1372 715 1442 frumentum
724 1390 841 1447 usquam
851 1375 993 1432 exercitui
1004 1392 1062 1432 nec
1071 1375 1180 1433 exerci-

308 1479 316 1506 ‘
328 1479 388 1531 tum
400 1474 465 1530 sine
479 1472 572 1544 copiis
586 1472 705 1528 retineri
716 1490 809 1545 posse.
851 1472 914 1529 laus
925 1472 1100 1544 Germanos,
1108 1474 1180 1549 quod

308 1578 419 1646 ‘genus
434 1572 557 1629 miiitum
571 1572 648 1643 apud
662 1572 760 1627 hostes
788 1571 999 1628 atrocissimum
1012 1573 1062 1639 sit,
1089 1578 1180 1631 tracto

308 1671 362 1727 ‘iu
390 1676 543 1735 aestatem.
559 1672 646 1734 betto,
673 1669 759 1726 fluxis
786 1669 960 1742 corporibus,
987 1672 1178 1729 mutationem

308 1769 382 1826 ‘soti
395 1771 528 1843 nactique
543 1770 617 1826 baud
634 1770 813 1825 toleraturos.
855 1767 951 1824 Multa
965 1770 1054 1837 betta,
1077 1770 1176 1844 inpetu

309 1869 437 1936 ‘satida
451 1885 502 1942 per
515 1868 612 1923 taedia
622 1870 652 1923 et
667 1882 759 1922 moras
775 1867 942 1923 evanuisse.
983 1865 1096 1925 contra
1112 1867 1178 1939 ipsis

310 1968 564 2039 ‘omniaopnienta
572 1972 603 2021 et
613 1965 670 2021 bda
678 1984 685 2020 ε
693 1964 886 2029 Pannoniam,
896 1964 1049 2032 Moesiam,
1062 1967 1177 2024 Datnis·

310 2065 411 2132 ‘tiam,
422 2063 582 2129 Orientem,
590 2080 657 2122 oum
672 2062 793 2138 integris
808 2063 1001 2132 exercitibns3
1018 2064 1136 2122 italiam
1149 2066 1178 2120 et
1224 2140 1225 2145 η

260 2218 267 2227 ,
309 2166 415 2236 ‘caput
429 2181 521 2220 rernm
535 2167 649 2220 urbem:
672 2163 908 2235 Senatnmqueet
929 2161 1087 2233 Populum,
1099 2177 1174 2223 num·
1224 2164 1225 2201 ³

308 2264 413 2334 ‘quam
426 2263 547 2318 obscura
562 2260 689 2324 nomina,
703 2258 758 2316 etsi
773 2260 929 2333 aliqnando
952 2261 1173 2328 obumbreatnr;

307 2360 456 2431 ‘publicas
472 2360 739 2432 onustusqueopes
766 2363 796 2414 et
823 2358 985 2415 inmensam
1010 2359 1172 2431 pecuniam,

306 2456 402 2513 ‘inter
421 2455 526 2513 civiles
552 2456 711 2513 discordias
740 2455 814 2512 ierro
842 2456 1034 2526 validiorem
1052 2470 1171 2530 corpora
1223 2464 1224 2467 ’

305 2554 449 2610 ‘mititum
470 2558 519 2610 aut
542 2555 648 2611 ltaliae
675 2561 766 2620 sueta,
795 2559 844 2610 aut
870 2553 1018 2610 aestibus:
1038 2556 1169 2612 obiacere

305 2651 429 2708 ‘flumen
446 2650 567 2719 Padum,
592 2657 668 2710 tutus
694 2653 763 2708 viris
787 2652 931 2726 murisque
953 2654 1053 2723 urbes,-
1074 2672 1091 2709 e
1113 2648 1170 2724 qni·

304 2750 376 2805 ‘bus
390 2750 499 2805 nuttam
520 2750 597 2806 hosti
623 2767 779 2815 cessuram,
805 2750 976 2808 Placentiae
1001 2751 1168 2807 defensione
1222 2750 1223 2835 ᾗ

304 2849 511 2918 ‘exploratum
554 2849 679 2906 Proinde
704 2851 822 2907 duceret
847 2852 964 2908 betium.
984 2850 1081 2923 paucis
1108 2848 1168 2906 die·
1222 2848 1223 2873 t

304 2946 375 3001 ‘bus
389 2947 665 3019 quartamdecimam
680 2947 834 3021 legionem,
847 2967 954 3022 magna
968 2950 1060 3021 ipsam
1079 2948 1163 3014 tuma,

304 3050 389 3102 ‘oum
406 3043 561 3102 Moesiacis
575 3046 669 3117 copiis
690 3047 805 3103 adfore:
827 3053 886 3104 tuns
911 3065 1007 3107 rursus
1029 3048 1164 3105 delibera·
1221 3120 1222 3125 η

304 3148 426 3206 ‘tnrnm‚
452 3148 492 3207 et,
520 3143 544 3199 si
572 3144 713 3216 proelium
743 3146 906 3218 placuisset,
938 3147 1033 3204 auctis
1061 3147 1162 3204 visibus

248 3239 498 3311 33‘certaturos.'
553 3243 724 3299 Accedebat
751 3244 916 3302 sententiae
951 3245 1081 3302 Ponitini
1106 3242 1163 3301 Ms-

303 3341 360 3397 rins
388 3340 506 3404 Celsus,
534 3338 632 3395 ‘idem
657 3343 772 3412 placere
796 3342 898 3399 Annio
924 3341 1034 3409 Gatto,’
1062 3354 1161 3416 paucos

302 3445 370 3494 ante
392 3437 454 3492 dies
478 3439 558 3507 iansn
586 3439 652 3513 eqni
676 3440 804 3506 adflicto,
829 3440 988 3513 missioni
1013 3443 1159 3500 consitium

300 3535 363 3592 eins
386 3533 611 3605 sciscitarentur,
638 3541 804 3597 retuterunt.
845 3538 924 3596 Otbo
944 3539 1159 3613 procurando
1219 3574 1220 3633 ἦ
