2509 4292
17 434 18 437 ,
96 400 123 447 a
142 399 171 447 c.
188 402 227 446 oa.
325 399 396 445 ure.
421 400 478 447 xv.
529 400 608 446 car.
636 376 804 449 lla-64.
919 381 963 451 91

93 554 129 609 ad
150 553 279 610 iniurias
304 552 497 626 relinqueret:
517 552 637 619 ‘vitan’
660 554 765 629 inquit,
778 555 967 614 ‘delinimen-

91 656 140 708 ‘ta
155 661 390 709 monstraveram
405 652 466 719 tibi,
491 657 520 709 tu
545 653 644 709 mortis
667 654 758 710 deam
783 652 884 710 mavis
909 671 968 714 non

91 750 260 807 ‘invidebo
273 753 419 823 exemplo.
461 751 508 808 Sit
520 751 603 808 buius
618 757 678 808 tam
694 752 776 809 lorti·
789 753 886 809 exiles
899 769 968 811 non·

92 850 229 904 ‘stantia
243 866 333 920 penes
350 854 483 923 utrosque
506 866 565 919 par,
587 850 770 907 elariludinis
795 852 859 922 plus
872 851 904 907 in
918 856 969 908 tua

93 945 194 1003 ‘fine’
234 947 303 1003 Post
326 965 401 1020 quae
425 949 529 1004 eodem
551 947 611 1004 ietn
634 948 753 1005 braebla
776 947 852 1005 terro
873 948 968 1007 exsol-

91 1052 178 1101 vunt.
244 1047 369 1110 Seneca,
399 1046 534 1119 quoniam
560 1046 653 1103 senile
683 1062 787 1117 eorpus
817 1053 847 1103 et
876 1064 968 1120 parve

90 1143 176 1201 vietu
213 1149 363 1200 tenuatum
398 1146 478 1201 lenta
504 1143 611 1216 effugia
638 1144 771 1218 sangnini
799 1146 966 1217 praebebat,

77 1258 213 1299 ererum
233 1260 346 1316 quoque
371 1248 407 1301 et¹
425 1243 565 1314 poplitum
589 1259 681 1299 venes
702 1243 854 1315 abrupit
896 1244 967 1300 See·

92 1341 200 1414 visque
222 1338 398 1397 omniatibus
420 1341 559 1407 delesses,
582 1357 620 1396 ne
644 1341 743 1396 dolore
764 1358 817 1398 suo
837 1341 966 1400 animum

91 1440 195 1496 uxoris
211 1438 389 1514 infringeret,
403 1449 488 1511 atque
502 1440 565 1511 ipse
590 1438 713 1495 visendo
735 1438 798 1495 eina
821 1444 966 1497 tormenta

92 1540 129 1595 ad
144 1538 355 1611 inpatientiam
367 1539 557 1603 delaberetur,
570 1538 682 1602 suadet,
703 1535 735 1592 in
757 1535 839 1593 aliud
857 1536 966 1594 euhion·

94 1636 153 1694 bem
188 1635 345 1694 abscedere.
404 1637 444 1692 Et
482 1636 642 1693 novissimo
674 1653 786 1709 quoque
818 1641 967 1694 momento

94 1736 303 1810 suppeditante
325 1734 500 1809 eloquentia,
520 1734 672 1791 advocatia
691 1735 886 1807 scriptoribus,
907 1737 966 1809 ple·

96 1853 186 1910 raqne
202 1834 333 1899 tradidit,
346 1851 428 1907 quae,
450 1835 481 1889 in
497 1835 600 1907 vulgus
623 1835 702 1891 edila
716 1834 779 1891 eins
803 1835 910 1897 verbis,
923 1835 967 1892 iu·

97 1940 215 1991 vertere
236 1933 419 2005 supersedeo.
461 1934 504 1989 At
528 1933 617 1999 Nero,
641 1934 721 1989 nullo
744 1933 776 1989 in
801 1933 1018 1997 Paullinamtial

97 2033 215 2106 proprio
240 2032 318 2094 odio,
345 2048 391 2095 ao,
412 2048 450 2087 ne
473 2031 610 2104 glisceret
635 2029 748 2087 invidia
775 2029 967 2098 erudelitatis,

97 2130 227 2187 inhiberi
261 2134 381 2186 mortem
411 2129 542 2200 imperat.
598 2127 789 2184 Hortentibus
817 2124 967 2193 militibus,

96 2229 176 2286 servi
205 2227 359 2302 libertique
386 2228 516 2301 obligant
543 2224 673 2292 braebia,
698 2231 832 2297 premunt
854 2223 967 2297 sangui·

96 2345 175 2391 nem,
198 2326 342 2384 incertum
366 2344 403 2383 an
426 2327 554 2400 ignarae.
576 2340 654 2391 nam,
677 2328 709 2378 ut
731 2327 776 2378 est
803 2323 907 2393 vulgus
929 2323 967 2379 ed

96 2425 244 2483 deteriora
274 2431 444 2497 promptum,
474 2442 532 2481 uon
560 2423 688 2488 deluere,
721 2422 770 2495 qui
803 2421 965 2490 crederent,

98 2528 215 2581 ‘donee
237 2523 443 2596 inplacabilem
466 2524 613 2579 Neronem
636 2520 771 2583 timuerit,
793 2519 898 2577 lamam
921 2536 964 2577 so

97 2630 105 2656 ‘
111 2623 216 2699 pintae
230 2638 297 2678 eum
311 2623 414 2679 merito
427 2620 527 2677 mortis
549 2619 706 2692 petivisse:
726 2618 842 2685 deinde,
866 2620 964 2677 oblata

98 2721 235 2778 ‘mitiore
249 2737 309 2792 epe,
323 2718 529 2776 blandimentis
544 2718 624 2777 ritae
648 2717 775 2774 euletem
786 2715 803 2773 :'
822 2718 871 2774 eni
885 2719 964 2776 addi·

97 2821 142 2876 dit
163 2836 273 2892 pauens
292 2825 392 2890 postea
411 2835 512 2883 annos,
537 2815 674 2873 laudabili
695 2817 725 2873 in
749 2814 882 2873 maritum
905 2834 963 2874 me-

99 2918 201 2984 moria,
214 2922 244 2972 et
258 2934 306 2973 ore
320 2934 356 2973 ae
378 2914 513 2973 membris
535 2915 566 2971 in
590 2931 657 2971 enm
683 2916 821 2984 pallorem
841 2915 964 2973 albenti·

34 3070 37 3079 ,
99 3019 161 3082 bus,
183 3022 214 3073 ut
234 3015 361 3094 ostentui
375 3019 461 3080 esset,
485 3015 605 3069 multum
620 3012 719 3069 vitalia
743 3012 859 3084 spiritus
883 3028 965 3083 eges·

97 3121 167 3172 lum.
210 3115 327 3170 Seneca
340 3113 465 3178 interim,
487 3113 607 3168 durante
638 3116 730 3168 tractu
745 3117 775 3165 et
789 3107 964 3165 lentitudine

98 3215 209 3280 morlia,
225 3211 352 3270 Statium
368 3213 532 3277 Annaeum,
544 3210 594 3266 diu
617 3208 674 3264 sibi
693 3206 840 3263 amicitiae
863 3204 920 3260 tide
934 3209 965 3262 et

126 3390 241 3437 Inver'lere
250 3389 386 3449 supersedeo]
418 3388 485 3441 Meis,
500 3388 601 3446 adeoque
610 3383 662 3430 allis
672 3381 745 3428 verbis
759 3393 856 3450 narrare.
887 3379 965 3427 lauer-

97 3455 142 3495 tere
161 3448 219 3494 idem
238 3455 281 3502 est,
301 3447 361 3507 quod
388 3452 531 3501 commutare,
548 3441 689 3490 eornmutatis
716 3439 789 3485 verbus
809 3438 897 3484 dicere:
922 3454 965 3486 uon

97 3515 234 3612 bul?
244 3498 965 3620 &libellatibllllllel'lllllll¹llf

99 3622 491 3689 eliisatquealiisvesbisexpressa.
522 3619 583 3667 Era.
