2509 4292
89 428 121 475 a
139 424 170 473 e.
187 425 224 473 re.
351 424 421 470 ura.
439 424 476 471 rr.
528 423 607 471 car.
634 402 755 471 4.-6.
901 400 968 470 197

88 576 251 653 pasianus;
295 577 511 651 oppugnatione
546 576 816 650 Hierosolymorum
851 577 970 652 reliqna,

87 677 166 735 duro
181 675 421 750 magisetarduo
446 692 544 747 opere,
566 678 604 732 ob
633 673 786 749 ingenium
811 676 921 733 montis
940 683 972 732 et

90 775 297 847 pervicaciam
317 774 540 846 superstitionis,
560 790 647 848 quam
680 791 739 848 qno
772 774 845 865 satis
866 773 971 832 uirium

92 874 224 933 obsessis
237 875 273 930 ati
288 874 453 930 tolerandas
465 873 655 930 necessitates
668 877 840 945 superesset.
883 872 961 929 'l'res
1045 938 1049 945 Ι

92 977 127 1030 ut
156 989 243 1044 supra
270 971 504 1037 memoravimus,
530 970 586 1044 ipsi
617 970 805 1044 Vespasiano
838 972 969 1046 legiones

90 1076 190 1135 erant,
211 1070 362 1127 exercitae
382 1071 476 1127 bello:
498 1077 619 1143 quatuor
640 1069 795 1128 Mucianus
817 1071 969 1128 obtinebat

93 1167 125 1226 in
141 1186 238 1242 pace3
257 1162 309 1225 sed
323 1167 481 1225 aemulatio
504 1173 535 1224 et
559 1169 683 1240 proximi
709 1172 856 1227 exereitus
876 1169 969 1244 gloria

93 1273 247 1343 repulerat
272 1269 443 1343 segnitiam:
475 1275 669 1343 quantumque
696 1269 755 1326 illis
781 1268 890 1326 roboris
911 1270 968 1325 dis·

95 1369 223 1427 erimina
247 1373 278 1424 et
302 1369 390 1436 labor,
413 1373 527 1425 tentum
550 1368 595 1424 his
621 1368 729 1441 vigoris
751 1368 902 1425 addiderat
925 1367 970 1425 in·

97 1471 184 1539 tegra
204 1467 294 1540 quies,
321 1473 351 1523 et
378 1467 548 1538 inexpertus
570 1467 642 1525 belli
656 1468 744 1523 tabor.
765 1467 875 1524 auxilie
902 1465 968 1525 utri·

97 1583 158 1640 que
172 1566 335 1622 cohortium
358 1567 535 1638 alarumque,
557 1571 589 1621 et
613 1567 723 1622 classes
748 1565 909 1641 Regnaque,
931 1582 968 1623 ac

93 1681 206 1722 nomen
234 1662 342 1735 dispari
368 1663 445 1720 lama
472 1664 599 1720 celebre.
661 1663 871 1735 Vespasianus,
898 1658 998 1722 acer-'t

95 1764 234 1828 militine,
248 1762 359 1819 anteire
383 1764 613 1836 augmentorum
637 1763 740 1821 castris
759 1780 875 1837 capere,
900 1779 968 1821 nuc-

90 1867 121 1919 tu
146 1863 258 1936 diuque
284 1860 416 1927 censitio,
431 1877 475 1927 ae,
501 1861 527 1917 si
551 1879 595 1919 res
623 1868 765 1935 posceret,
788 1878 875 1920 manu
904 1862 968 1919 bos·

97 1961 176 2019 tibus
203 1961 307 2017 obniti:
337 1961 406 2017 cibo
424 1960 549 2026 fortuite,
572 1967 654 2018 veste
683 1962 840 2034 habituque
865 1958 917 2014 vir
950 1972 969 2015 s

96 2061 234 2135 gregario
261 2059 353 2116 milite
379 2059 564 2131 discrepans:
586 2076 709 2132 prorsus,
727 2058 753 2114 si
773 2056 899 2113 avaritia
919 2059 968 2114 ab·

97 2168 189 2226 esset,
216 2158 342 2231 antiquis
371 2158 501 2216 Ducibus
522 2175 582 2230 par.
622 2156 834 2221 Mucianum‚e
857 2161 970 2214 eontra·

97 2260 147 2319 rio
167 2259 392 2333 magnificentia,
420 2265 451 2315 et
463 2276 545 2331 opes,
566 2263 595 2314 et
609 2260 717 2313 cunels
738 2255 882 2328 privatum
910 2273 968 2313 mo·

97 2360 171 2418 dum
204 2374 395 2432 supergressa,
415 2358 606 2416 extollebant.
636 2354 730 2429 aptior
756 2353 891 2419 sermoni,
911 2355 968 2412 dis·

97 2458 199 2533 positu
224 2448 396 2532 provisuque
410 2456 543 2514 ciuilium
558 2472 652 2512 rerum
674 2452 798 2526 peritus:
820 2453 968 2529 egregium

98 2557 289 2628 Principatus
316 2562 583 2629 temperamentum.
613 2553 649 2620 si,
669 2554 793 2626 demptis
823 2555 968 2630 utriusque

95 2654 194 2718 vitiis,
207 2655 287 2710 solae
303 2655 423 2710 virtutes
445 2652 643 2710 miscerentur.
686 2653 823 2710 Ceterum
837 2653 886 2711 hic
913 2657 968 2728 Sy·

95 2754 174 2818 riae,
194 2753 245 2808 ille
260 2753 385 2809 Iudaeae
408 2751 595 2825 praepositus,
620 2750 727 2809 vicinis
754 2752 969 2824 provinciarum

98 2849 413 2916 administrationibus,
432 2848 546 2906 invidia
566 2851 724 2915 discordes,
747 2849 829 2907 exitu
853 2854 969 2908 demum

26 2988 27 2991 =
99 2949 243 3015 Neronis,
276 2949 376 3020 positis
416 2949 500 3013 odiis,
540 2947 571 3005 in
611 2948 737 3005 medium
776 2951 968 3006 consuluere:

98 3047 228 3124 primum
255 3066 306 3119 per
332 3047 458 3105 amicos:
479 3046 548 3103 dein
571 3047 729 3120 praecipua·
744 3047 918 3104 concordiae
939 3047 970 3102 fi·

99 3148 157 3204 des
179 3145 276 3209 Titus,
291 3163 381 3218 prava
408 3147 568 3202 certamina
591 3145 738 3202 communi
758 3144 884 3201 utilitate
903 3136 974 3198 abo(

100 3248 236 3303 leverat:
271 3250 373 3300 natura
399 3250 484 3317 atque
510 3250 572 3300 arte
599 3244 775 3312 compositus
795 3242 969 3299 adliciendis

100 3342 194 3402 etism
224 3341 358 3399 Muciani
385 3342 518 3398 moribus.
561 3340 688 3398 Tribuni
720 3340 971 3415 Centurionesque

101 3447 139 3498 et<
169 3444 271 3515 vulgus
294 3440 434 3519 militum,
460 3439 610 3506 industria,
625 3438 766 3505 lieentia,
797 3456 848 3513 per
881 3439 970 3497 virtu·

102 3544 159 3603 les,
183 3558 233 3612 per
259 3541 435 3611 voluptates,
458 3543 490 3595 ul
513 3539 617 3632 cuique
641 3538 799 3613 ingenium,
827 3539 969 3597 atlsoisce·

104 3639 216 3699 bantm.
258 3636 530 3721 AntequamTitus
553 3636 736 3708 adventaret,
757 3644 1001 3711 memmenlump

145 3754 212 3796 ror..
233 3755 270 3795 rr.
552 3735 615 3794 17*
