2509 4292
99 376 211 426 soma
312 377 380 425 crs.
405 377 462 424 xv.
512 379 591 425 car.
618 357 776 425 8.-11.-
905 364 954 429 55
1010 446 1016 457 ἱ

97 530 196 587 talione
210 529 325 593 virium,
338 530 372 588 ul
389 532 499 595 Parthi,
522 533 631 589 omisso
656 539 755 604 paratu
770 534 954 592 invadendus

101 629 204 699 Syriae,
215 647 297 701 spem
317 648 433 688 omnem
455 631 485 687 iu
512 632 683 688 Armeniam
709 640 867 689 verterent.
908 634 952 691 lbi
968 645 1007 705 ιο

98 726 203 793 Paetus,
217 729 421 787 inminentium
436 731 560 794 nescius,
573 733 705 804 quintam
726 730 872 803 legionem
893 748 955 802 pro·

98 826 181 882 culin
204 827 299 884 Ponto
323 829 464 896 babebats
486 830 609 901 reliquas
634 830 806 901 promiscuis
829 829 955 885 militum

98 925 292 983 commeatibus
315 928 532 994 infirmaverat3
551 929 656 992 donec,
677 928 839 983 adventure
865 928 955 984 Volo·

97 1039 175 1095 gesen
189 1031 336 1096 maguoet
363 1025 477 1082 infenso
499 1025 623 1098 agmine,
648 1026 787 1082 auditum.
830 1025 955 1083 Accitur

97 1120 165 1192 legio
191 1123 375 1187 duodecima,
400 1129 441 1188 et,
469 1124 545 1179 unde
573 1123 678 1179 lamam
703 1123 782 1180 aucti
805 1124 953 1181 exercitus

97 1229 259 1289 speraverat,
280 1222 394 1294 prodita
416 1221 624 1294 infrequentia:
645 1239 701 1296 qua
720 1229 817 1279 tamen
832 1221 952 1279 retineri

98 1325 188 1383 castra,
201 1326 230 1375 et
243 1321 325 1377 eludi
347 1320 470 1376 Partbus
483 1326 577 1376 tractu
600 1319 671 1376 belli
685 1327 806 1392 poterat,
819 1321 843 1376 si
860 1321 951 1379 Paeto

98 1421 140 1470 aut
151 1416 178 1472 iu
189 1418 257 1484 suis,
276 1424 330 1475 sut
344 1420 375 1475 iu
389 1419 493 1475 alienis
506 1419 649 1483 consiliis,
662 1418 827 1474 coustumia
839 1418 950 1477 luisset.

99 1513 204 1580 Verum,
224 1519 272 1575 ubi
287 1537 305 1574 a
328 1517 399 1574 viris
417 1518 588 1575 militaribus
602 1519 742 1574 adversus
756 1526 890 1589 urgentes
903 1536 951 1577 cs·

97 1615 270 1672 suslirmatus
283 1623 358 1684 erat,
371 1634 474 1681 rursus,
499 1635 536 1674 ue
560 1616 675 1673 alienae
693 1618 857 1673 sententiae
877 1617 951 1675 iudi¹

97 1727 158 1782 gens
184 1716 339 1782 videretur,
365 1716 396 1772 iu
423 1715 540 1772 diversa
567 1732 603 1773 nc
631 1714 773 1771 deteriora
801 1716 949 1776 trausibst.

98 1807 130 1864 El
142 1816 214 1876 tunc,
228 1814 343 1872 relictis
363 1814 500 1880 bibernis,
513 1822 521 1846 ⁴
534 1831 591 1872 uou
604 1814 709 1871 lorsam
725 1831 818 1888 neque
840 1818 950 1874 vallum

98 1907 169 1974 ‘ribi
188 1913 237 1968 sed
261 1929 384 1985 corpora
406 1918 437 1968 et
457 1928 537 1969 arma
557 1912 588 1969 iu
612 1914 725 1970 bostem
748 1913 837 1980 dats?
850 1914 951 1971 clami·

98 2007 160 2070 lans,
170 2010 250 2067 duxit
268 2011 411 2084 legiones,
423 2010 505 2085 quasi
519 2011 629 2083 proelio
647 2018 817 2068 certaturus.
859 2012 951 2068 Dein·

99 2102 248 2169 donnino
272 2109 455 2167 Centurioue
476 2117 506 2165 et
527 2109 628 2181 {raucis
647 2109 797 2175 militibus,
822 2125 893 2182 quos
908 2107 951 2166 vi·

98 2205 182 2261 ssudls
195 2209 321 2266 hostium
334 2208 428 2280 copiis
447 2207 646 2280 praemiserat,
658 2205 786 2277 trepidus
800 2205 949 2264 remoavit.

98 2299 139 2367 El,
162 2306 223 2377 quia
249 2308 349 2364 minus
376 2306 482 2364 aeriter
505 2306 670 2377 Vologeses
695 2303 846 2370 institerat,
873 2320 951 2362 vaus

97 2414 176 2458 rursus
201 2406 318 2469 fiducia,
346 2405 402 2461 tria
428 2405 519 2462 millia
539 2403 648 2460 delecti
681 2403 787 2477 peditis
819 2402 954 2476 proximo

99 2495 178 2557 Tauri
199 2503 267 2577 iug‘o
282 2503 420 2575 inposuit,
444 2521 502 2577 quo
524 2502 675 2559 transitum
697 2502 787 2576 Regis
801 2506 949 2559 arcerent:

97 2595 177 2653 dares
197 2619 311 2675 quoque
335 2601 512 2665 Pannonios,
535 2600 619 2656 robur
640 2596 793 2673 equitatis,
814 2599 844 2656 iu
869 2604 950 2671 pario

95 2697 179 2767 campi
202 2701 288 2756 local.
332 2699 472 2757 Coniunx
487 2715 522 2754 ac
537 2699 612 2755 filius
635 2700 767 2763 castello,
791 2698 839 2771 qui
862 2699 949 2755 Arsa·

94 2801 193 2852 russata
216 2815 322 2855 nomen
344 2802 399 2861 est,
426 2796 528 2863 abditi,
548 2797 615 2853 datu
641 2798 672 2854 iu
701 2796 874 2868 praesidium
902 2813 950 2854 co·

96 2887 175 2960 boue,
195 2913 229 2954 ao
251 2898 384 2969 disperso
404 2895 506 2959 milite,
533 2894 592 2968 qui,
614 2895 645 2952 in
669 2912 728 2952 uno
749 2895 873 2961 babitus,
900 2912 949 2951 vs·

96 3005 153 3060 gum
171 2995 281 3052 bostem
306 2994 463 3067 promptius
477 2994 708 3051 susleutavissel.
752 2995 850 3065 Aegre
872 3008 950 3048 com·

96 3091 195 3157 pulsum
215 3095 320 3160 lerunt,
334 3100 366 3151 ut
380 3094 538 3150 instantem
554 3090 711 3149 Corbuloni
733 3092 878 3147 fateretur.
894 3105 949 3144 nec

97 3189 280 3249 acoruurnne
302 3198 492 3265 properatum,
515 3208 579 3263 quo,
592 3189 784 3264 gliscentibus
804 3185 949 3260 periculis,

97 3285 174 3344 eliam
200 3291 320 3348 subsidii
344 3293 410 3347 laus
433 3297 592 3364 augeretur.
652 3283 824 3357 ‘Espediri‘
852 3289 949 3341 lamen

97 3382 202 3446 ‘itineri
215 3392 329 3463 singula
344 3391 434 3446 millia
449 3407 486 3445 ex
503 3388 592 3445 tribus
617 3383 788 3458 legionibus,
802 3388 831 3439 el
845 3381 950 3439 alarios

96 3485 296 3561 ‘octingenton
323 3507 420 3561 parem
447 3502 626 3544 numerume
649 3478 834 3548 cohortibus,'
857 3479 948 3537 iussit.

100 3581 135 3636 Al
158 3585 326 3660 Vologeses,
353 3587 495 3660 quamvis,
523 3586 692 3642 *obsessas
718 3581 810 3639 Paeto
834 3580 1022 3645 itinerari,

100 3678 177 3740 ‘hino
190 3685 329 3758 peditatu,
343 3685 410 3744 iude
431 3680 548 3760 equite,’
563 3682 735 3757 accepisset,
749 3682 822 3740 nihil
839 3683 951 3738 mutato
