2509 4292
115 368 245 419 κατι.
385 369 455 416 ma.
480 369 514 418 v.
563 371 642 420 car.
668 353 702 420 9.
723 356 779 422 10.
910 362 977 427 41]

112 516 235 599 (θὶρζαπ
252 518 313 578 eiua
332 519 363 577 in
382 521 481 599 templo
501 521 601 590 locare,
621 543 700 582 arma
721 527 815 600 potius
837 546 986 588 sumsere:

113 637 202 694 quem
217 608 325 677 motum
340 621 474 679 Caesaris
495 639 569 678 mors
592 623 717 682 diremit.
759 627 909 693 Claudius,
935 630 983 686 de·

111 716 222 775 lunatis
243 718 381 792 Regibus,
409 724 514 779 autad
547 723 690 780 modicum
719 725 854 790 redeatis,
881 726 982 784 ludae-

112 831 163 872 am
178 816 359 888 provinciam
383 819 535 892 Equitibus
560 821 700 877 Rumanis
715 828 763 879 aut
786 822 896 880 libertis
921 841 983 897 per·

112 914 204 970 misit.
226 933 243 971 e
269 916 370 988 quibus
395 918 539 974 Antonius
555 919 653 986 Felix,
678 937 863 991 peromnem
888 921 982 981 saevi·

110 1010 236 1069 tiamne
251 1013 412 1078 libidinem,
427 1015 471 1070 ins
492 1016 615 1089 Regium
636 1017 737 1074 servili
762 1017 880 1091 ingenio
902 1035 983 1077 exer·

113 1109 188 1174 uuit,
221 1110 359 1175 Drusilla,
388 1113 572 1185 Cleopatrae
592 1119 621 1170 el
657 1115 781 1172 Antonii
820 1123 917 1188 nepte,
945 1104 983 1173 'in

111 1209 329 1266 matrimonium
349 1216 484 1283 accepta:
518 1217 550 1268 ut
573 1213 704 1269 eiusdem
737 1212 860 1269 Antonii
892 1214 980 1269 Felix

108 1323 263 1380 progener,
298 1308 437 1366 Claudius
471 1326 561 1380 nepos
592 1316 679 1366 esset.
720 1309 847 1366 Duravit
883 1317 979 1368 tamen
994 1310 1035 1368 1⁰

112 1404 255 1479 patientia
270 1406 385 1462 ludaeis
406 1408 544 1480 usquead
570 1408 707 1464 Gessium
728 1408 855 1474 Florum,
876 1409 982 1466 Pronu-

110 1509 246 1560 ratorem.
288 1504 349 1560 Sub
381 1520 419 1559 eo
447 1507 554 1560 bellum
588 1512 691 1560 ortum.
726 1510 756 1560 et
787 1500 981 1577 'comprimere

113 1605 309 1673 coeptantem·
320 1601 451 1658 Cestium
475 1601 602 1668 Gallum,
630 1603 734 1675 Syriae
758 1603 910 1674 Legatum,
931 1622 982 1663 va·

110 1699 157 1757 ria
181 1700 290 1770 proelia
312 1716 348 1755 ae
368 1699 483 1771 saepius
509 1702 632 1756 adversa
659 1716 814 1771 excepere.
857 1701 916 1770 Qui
930 1700 982 1758 ubi

108 1799 179 1863 isto,
193 1803 248 1854 ‘aut
277 1797 374 1854 taedio
393 1797 511 1862 oceidit,
541 1800 629 1854 missu
663 1797 788 1854 Neronis
819 1796 979 1867 Vespasia·

110 1881 168 1955 nus
201 1895 313 1953 fortuna
344 1898 477 1970 famaque
506 1902 536 1953 et
570 1897 694 1970 egregiis
725 1897 874 1962 ministris,
904 1896 981 1954 intra

108 1997 185 2054 duas
212 2001 347 2061 aestates,
378 2001 484 2052 cuneta
514 2012 681 2067 camporum
705 2011 872 2068 omnesque,
900 2013 980 2067 prae·

109 2099 160 2152 ter
185 2093 395 2165 Hierosolyma,
424 2078 518 2159 urbes,
550 2093 661 2148 viatore
689 2092 819 2148 exercitu
852 2096 980 2150 tenebat.

107 2192 266 2250 Proximus
286 2209 378 2248 annus
406 2190 491 2248 uirili
520 2192 597 2247 bello
617 2190 755 2257 intentus,
783 2195 923 2263 quantum
942 2192 981 2247 ad
1054 2193 1057 2196 ’

109 2291 247 2356 Iudaeos,
268 2298 320 2363 per
338 2289 426 2346 otium
448 2289 569 2348 transiit.
612 2289 690 2345 Pnoe
707 2306 762 2373 per
782 2289 898 2345 ltaliam
919 2305 981 2360 par·

108 2394 151 2454 ta,
172 2393 201 2445 et
222 2392 361 2445 externae
388 2405 473 2444 eurae
494 2387 613 2443 rediere.
658 2387 791 2458 Augebat
811 2387 878 2449 ires,
899 2387 976 2458 quod

109 2488 168 2546 soli
183 2488 283 2545 lurlaei
301 2504 357 2542 non
369 2487 535 2543 cessissent.
577 2487 668 2542 Simul
681 2502 797 2541 manere
809 2487 883 2558 apud
899 2503 980 2542 exer-

109 2584 189 2642 citus
219 2585 336 2651 Titum,
366 2587 402 2640 ad
422 2601 521 2640 omnes
550 2564 735 2655 Principalis
766 2582 835 2640 noui
856 2589 979 2640 eventus

140 2779 214 2824 Areu
226 2778 300 2834 pun.
309 2777 414 2836 mmm]
445 2776 531 2822 contra
547 2741 640 2836 ioseph.
654 2777 707 2822 unt.
721 2777 754 2830 rs,
766 2777 846 2835 rorat.
857 2780 881 2822 et
891 2775 916 2822 a.
930 2777 978 2824 ue.

108 2837 228 2893 2900).
238 2837 312 2890 docet,
328 2850 375 2881 rem
389 2835 546 2881 intercessione
560 2834 659 2881 Petronii
673 2850 721 2881 esse
736 2835 878 2896 compositam
889 2843 913 2881 et
927 2850 980 2882 mox

109 2896 231 2943 Claudium
242 2895 290 2940 vita
301 2896 404 2941 iunctum.

139 2973 180 3019 Aa
193 2971 437 3074 nedicuppmauulb
453 2970 516 3017 Vnus
531 2974 578 3016 tum
595 2969 706 3024 Herodes,
723 2970 837 3030 Agrippae
852 2970 889 3016 M.
900 2971 979 3029 irater,

109 3045 204 3089 reguum
215 3031 328 3076 Chalcidis
337 3044 421 3090 oraupn
438 3035 469 3075 at.

140 3111 254 3157 Antonius
269 3110 345 3214 Fdioei
376 3109 485 3156 Pallantis
507 3109 583 3160 irater,
604 3107 693 3153 Claudii
713 3091 796 3164 liberti,
812 3107 878 3154 trium
893 3109 979 3166 regina·

107 3184 160 3218 rum
170 3168 268 3215 maritus.
301 3168 331 3215 vi
349 3169 457 3214 :summ
467 3167 583 3214 Heredum
589 3183 599 3224 ;
613 3174 637 3213 ut
647 3181 719 3226 snpra.

139 3247 259 3315 Drusilla]
290 3247 344 3294 Alis
352 3247 395 3293 luit
410 3246 516 3302 Drusilla,
529 3246 642 3307 Agrippae
658 3246 688 3292 ll.
702 3258 771 3300 soror,
782 3244 817 3290 cui
827 3253 904 3304 postea
914 3244 979 3292 Felix

108 3306 191 3366 nupsit.
224 3305 285 3352 Vuie
294 3305 388 3351 Stemnm
398 3304 523 3352 Heredum.

140 3384 241 3431 Cestium
260 3384 364 3443 Callum]
398 3385 458 3429 idem
484 3383 591 3429 Suetonio
609 3386 712 3428 narratm
731 3382 824 3441 vespas.
844 3387 865 3429 4.
897 3381 979 3429 iuuet

105 3445 256 3492 rebellarunt.
265 3456 364 3501 ausuque
375 3442 509 3498 Praeposito,
518 3441 625 3498 Legatum
635 3441 727 3496 insuper
736 3441 814 3495 Suriae
824 3441 978 3495 Cuuurlrrem,

106 3503 220 3560 suppetias
226 3502 348 3558 serapion,
358 3506 421 3556 repta
435 3500 512 3558 aquilo
518 3501 645 3557 fugarunt.
679 3501 703 3546 ln
721 3501 813 3560 losepho
822 3501 877 3546 haec
886 3500 943 3561 ipsa,
954 3504 979 3545 st

107 3561 177 3625 plane
186 3561 263 3608 omnia
273 3559 326 3607 vide
334 3563 363 3608 A.
374 3561 412 3619 20,
421 3562 436 3606 9
446 3561 503 3618 til).
514 3559 541 3606 B.
552 3559 600 3608 lud.
612 3561 634 3616 2,
644 3561 673 3605 2³
685 3559 741 3617 (18).
