2509 4292
90 371 119 420 s.
135 369 166 418 c.
179 372 217 418 ru.
323 368 393 415 ma.
419 367 472 417 ιιι.
523 368 602 416 car.
619 347 787 417 aa-an
887 351 960 419 wi

88 522 164 596 pior.
207 523 293 595 Quod
318 522 343 579 si
362 529 422 579 nm
445 521 534 581 laa‘rle
554 540 670 580 suorum
694 530 807 581 mentes
829 524 1012 585 ssmismttiss

89 621 243 686 Vitellius,
277 639 363 695 mam
395 620 459 692 'ursa
490 630 628 687 eesmat,
657 623 839 680 incruentum
862 628 962 682 urbem

90 719 272 792 Vespasiani
297 720 446 777 exereitus
472 719 615 778 iramsel.
658 721 806 782 Ceterum,
833 726 864 778 ut
887 723 962 795 quis·

89 837 145 895 qne
169 818 297 875 Vitellio
317 820 399 885 lidus,
413 819 455 875 ita
469 836 571 891 pacem
595 826 625 876 et
648 819 833 878 munitiones
856 824 963 878 abnue·

88 920 172 982 bant,
187 919 361 975 ‘discrimen
383 935 419 974 ae
440 916 576 974 dedeons’
599 923 792 983 ostentantes,
806 926 856 976 ‘et
875 921 963 978 fldem

87 1017 137 1075 ‘ie
152 1017 278 1073 libidine
288 1017 419 1076 viatoris.
461 1017 527 1073 Nae
542 1021 653 1073 tantam
669 1017 854 1090 Vespasiano
866 1036 963 1090 super·

92 1116 200 1181 talam,
224 1121 255 1171 ut
279 1116 426 1186 privatum
441 1115 594 1172 Vitellium
621 1122 785 1186 pateretur:
808 1136 844 1174 ne
866 1118 963 1173 victos

87 1215 229 1289 ‘quidem
258 1215 374 1269 laturos.
429 1215 475 1270 lta
503 1214 662 1286 perieulum
686 1232 724 1271 ex
754 1216 962 1274 misericordia.

92 1315 213 1384 ‘ipsum
233 1329 303 1369 eane
326 1329 436 1374 senem,
450 1318 480 1368 et
504 1314 647 1384 prosperis
669 1314 856 1387 annonaque
876 1315 964 1371 satia·

87 1418 186 1468 ‘tum
242 1412 301 1467 Sed
326 1412 401 1484 quod
429 1427 545 1475 nomen,
570 1429 656 1484 quem
679 1419 785 1469 statum
806 1413 866 1469 lilio
890 1415 962 1480 eius,

92 1510 304 1572 ‘Germaniam
327 1506 410 1565 lore?
430 1510 518 1565 Nono
544 1501 698 1580 pecuniam
721 1518 751 1565 et
771 1511 910 1567 familiam
931 1516 963 1568 et

92 1611 214 1665 abesto:
228 1607 408 1678 Campaniae
435 1608 515 1664 sirius
540 1607 686 1679 promitti:
706 1609 766 1674 sed,
781 1610 829 1664 ubi
845 1610 963 1679 lmperi·

92 1714 161 1764 ‘nm
189 1706 389 1778 Vespasianus
415 1706 567 1770 invaserit,
598 1723 657 1762 nnn
685 1706 750 1778 lpsl,
775 1724 832 1764 non
860 1708 963 1765 amieis

94 1807 187 1870 ‘eina
207 1821 266 1862 oon
278 1804 405 1877 denique
426 1803 604 1861 eaereltibns
626 1804 821 1873 securitatem,
842 1806 897 1862 nisi
912 1824 964 1863 ex·

93 1903 223 1960 ‘stinoto
253 1904 408 1968 aemulata,
439 1901 603 1959 redituram.
664 1904 788 1961 Fabium
814 1905 873 1961 illis
903 1904 963 1961 Va·

93 2005 233 2066 alenam,
259 2004 409 2073 captiuum
441 2008 471 2059 et
502 2003 617 2059 ossibus
652 2002 747 2059 dubiis
776 2010 964 2070 reservatum,

92 2107 301 2174 ‘praegravem
324 2100 428 2156 lulme:
458 2101 563 2157 nedum
595 2098 708 2155 Primus
735 2117 771 2155 aa
796 2101 909 2157 Fusous
932 2104 964 2156 et

93 2200 266 2271 ‘specimen
294 2199 416 2269 partium
442 2197 606 2262 Mucianus,
633 2197 721 2253 ullam
740 2197 772 2253 in
798 2196 964 2265 Vitellium,

94 2297 175 2356 ‘nisi
204 2297 368 2362 occidendi,
398 2297 547 2354 licentiam
573 2297 708 2352 habeant.
750 2296 819 2352 Non
844 2311 862 2351 a
889 2295 964 2352 Cae·

96 2402 179 2454 ‘mre
197 2396 375 2468 Pompeium,
386 2449 388 2452 ,
401 2409 460 2452 non
473 2396 511 2450 ab
536 2396 673 2467 Augusto
697 2393 861 2452 Antonium
884 2393 965 2451 iuoo·

95 2497 209 2552 ‘lumea
224 2494 345 2551 relictos.
369 2494 426 2551 nisi
439 2494 511 2552 lorte
524 2492 724 2564 Vespasianus
741 2493 859 2550 altiores
883 2491 965 2564 spirtu

97 2599 163 2651 ‘tus
181 2600 272 2665 gerat,
302 2592 420 2650 Vitellii
450 2592 553 2655 eliens,
576 2607 642 2648 enm
671 2590 811 2649 Vitellius
840 2595 965 2666 conlega

97 2692 247 2752 “Glemlio
269 2692 350 2750 toret„
393 2690 479 2762 Quin,
507 2696 538 2747 ut
559 2707 711 2749 oeusmam
733 2691 830 2763 patrie,
854 2696 885 2748 nt
906 2698 965 2749 tren

95 2792 301 2858 ‘Consulatus
328 2794 360 2846 ut
388 2796 430 2845 tot
451 2789 585 2863 egregiae
605 2791 707 2847 domus
737 2791 860 2848 ltonores
879 2792 965 2850 deae·

98 2893 171 2954 ‘ret,
209 2878 411 2959 desperatione
439 2890 543 2944 saltem
583 2887 614 2944 in
652 2889 804 2946 andaciam
830 2890 964 2961 aeeinge·

97 2993 202 3046 ‘retnn
234 2991 361 3059 perstare
392 2986 524 3046 militem,
538 3002 702 3056 .enperesse
727 2985 823 3042 studia
856 2985 964 3056 populi.

98 3085 260 3158 ‘Denique
274 3084 347 3141 nilril
375 3084 501 3141 atrocius
524 3089 706 3147 eventurum,
732 3081 867 3154 quentin
889 3082 965 3155 quod

98 3190 223 3257 ‘sponte
257 3188 350 3239 ruant.
371 3182 549 3239 moriendum
577 3178 674 3245 vietis,
708 3179 885 3236 moriendum
917 3180 966 3235 de·

98 3282 204 3339 ‘tlltist
233 3281 262 3337 itl
287 3282 380 3338 solum
405 3281 517 3347 reterre,
540 3277 730 3336 novissimum
751 3275 882 3349 spiritum
916 3294 967 3348 per

96 3378 273 3438 ‘ludibrium
307 3384 337 3435 et
369 3376 561 3435 contumelias
594 3374 754 3441 effundant,
774 3392 810 3430 an
840 3393 890 3448 per
910 3375 966 3431 vir·

97 3477 232 3537 ‘tutem'
275 3478 387 3535 Surdae
414 3477 451 3534 ad
478 3475 565 3533 sortia
584 3473 708 3532 consilia
728 3473 854 3554 Vitellio
872 3490 964 3531 aurea.
976 3481 1016 3543 67

92 3579 282 3637 obruebatur
314 3574 427 3633 animus
461 3574 648 3631 miseratione
667 3589 801 3648 auraque,
829 3590 876 3643 ae,
904 3590 966 3648 per·
