2509 4292
251 305 323 373 374
572 328 827 375 rrrsronrsarrs
972 330 1002 376 a.
1017 328 1047 374 v.
1062 329 1119 376 arr.

248 477 378 535 sarcinas
405 483 592 547 retentarent,
613 496 649 537 ac
676 480 725 553 qui
754 479 834 553 ipsos
867 482 951 537 leves
976 482 1120 537 abeuntes

248 582 497 652 prosequerentur.
553 579 601 635 Ad
624 577 757 651 quintum
784 579 845 635 lere
873 578 999 652 lapidem
1023 576 1134 634 coorti

249 676 393 735 Genuani
407 676 553 734 incautum
574 693 679 750 sgruen
704 677 920 749 adgrediuntur.
961 674 1121 749 Pugnacis·

251 775 342 832 sinsus
367 776 486 850 quisque
513 775 543 831 in
577 775 714 848 vestigio,
747 775 830 832 multi
858 778 999 848 palantes,
1032 790 1122 831 occu

251 870 357 931 bnere:
378 872 469 931 ueteri
492 878 567 928 retro
593 872 625 928 in
653 878 749 930 cestre
776 873 958 947 profugiunt3
978 878 1121 945 querente

251 989 323 1029 sune
336 971 435 1028 Civile
445 977 475 1026 et
487 972 659 1043 increpante
670 971 843 1038 Germanos,
856 977 1019 1044 ‘tamquam
1029 971 1120 1028 tidem

251 1074 320 1143 ‘per
331 1070 425 1126 scelus
445 1068 668 1141 abrumperent!
710 1070 854 1127 Simulata
880 1087 916 1126 es
940 1068 1058 1136 luerint,
1080 1085 1119 1125 an

250 1168 374 1225 relicere
408 1167 576 1224 saevienter
611 1167 786 1242 nequiverit,
820 1185 918 1240 parum
942 1168 1119 1225 adfirmatur.

250 1265 380 1336 Direptis
406 1265 518 1333 cestrie,
551 1265 632 1322 laces
658 1265 813 1323 iniieiunt:
846 1270 1033 1339 cunctosque,
1067 1266 1119 1340 qui

197 1364 235 1419 61
251 1363 362 1437 proelio
393 1364 603 1436 superfuerant,
636 1363 805 1422 incendium
833 1363 937 1421 hausit.
998 1363 1120 1431 Civilis,

251 1463 371 1518 barbaro
385 1468 465 1528 voto,
485 1468 550 1534 post
562 1467 668 1534 coepte
695 1464 836 1519 adversus
857 1463 1003 1519 Romanus
1027 1479 1119 1529 arma,

251 1578 411 1634 propexum
427 1562 628 1635 rutilatumque
642 1561 765 1627 crinem,
786 1566 899 1634 patrata
912 1563 1121 1620 domumcu-

251 1663 289 1717 de
311 1662 466 1734 legionum,
482 1661 643 1732 deposuit.
696 1660 736 1717 Et
768 1661 922 1727 serebatur,
940 1663 1061 1733 parvulo
1085 1661 1118 1718 li-

251 1758 293 1814 lio
305 1761 444 1831 quosderu
463 1756 657 1830 captivorum,
677 1757 792 1830 sagittis
818 1758 978 1832 indutisque
1001 1758 1117 1832 puerili·

252 1859 304 1912 bus
327 1855 466 1929 figendos,
486 1854 635 1912 obtulisse.
678 1855 815 1914 Ceterum
842 1874 992 1930 nequeee,
1020 1873 1116 1930 neque

203 1972 208 1983 ·
251 1969 421 2028 quemquam
448 1954 604 2019 Batavum,
633 1954 665 2011 iu
693 1955 782 2010 verba
806 1953 970 2011 Galliarum
995 1955 1118 2028 adegit:

252 2055 320 2110 fisus
342 2054 553 2110 Germanorum
566 2053 689 2125 opibus:
710 2056 751 2118 et,
777 2052 804 2108 si
822 2053 992 2110 certandum
1014 2054 1120 2111 adver·
1230 2034 1231 2039 ἵ

252 2170 299 2208 sua
314 2152 418 2208 Gallos
445 2151 483 2207 de
508 2150 688 2223 possessione
712 2167 805 2207 rerum
832 2151 915 2218 iuret,
935 2149 1052 2207 inclitus
1076 2151 1120 2209 la·

252 2267 299 2305 nra
319 2256 350 2305 et
364 2248 465 2322 [rullus.
522 2248 679 2305 Mummius
699 2250 858 2320 Lupercus,
883 2249 1013 2322 Legatos
1027 2248 1120 2322 legio·

251 2347 307 2413 nis,
327 2346 405 2404 inter
427 2347 503 2404 (lona
526 2345 635 2403 missus
659 2346 801 2403 Veledae.
854 2347 901 2403 Ea
928 2346 1120 2420 virgenatio

252 2446 298 2502 uis
309 2446 468 2502 Bructerae
482 2447 540 2501 lale
553 2445 754 2518 imperitabat:
777 2449 878 2502 vetere
904 2447 980 2517 apud
994 2445 1120 2502 Germa-

253 2560 307 2599 nos
331 2561 420 2609 more,
439 2561 496 2617 quo
522 2545 672 2618 plerasque
698 2537 869 2600 feminarum
902 2542 1046 2611 fatidicas,
1079 2548 1125 2611 et,

254 2645 429 2713 augescente
451 2642 666 2712 superstitione,
692 2640 866 2698 arbitrantur
883 2642 974 2697 Deus.
1017 2641 1120 2698 Tunc·

255 2755 308 2814 que
335 2737 470 2793 Veledae
494 2739 652 2795 auctoritas
673 2739 813 2795 adolevit.
845 2755 914 2795 narn
947 2745 955 2769 ‘
967 2755 1119 2812 prosperas

254 2834 428 2894 ‘Germanis
449 2852 494 2892 res
517 2840 549 2892 et
574 2837 723 2893 excidium
750 2835 904 2910 legionum’
924 2836 1120 2909 praedixerat.

256 2937 315 2995 Sed
326 2937 476 3007 Lupercus
489 2935 520 2991 in
540 2933 647 2992 itinere
667 2935 845 2993 interiectus.
897 2935 989 2992 Peuci
1011 2935 1122 2992 Centu-

255 3036 367 3094 rionurn
382 3033 643 3107 Tribunururuque,
654 3032 686 3089 iu
698 3032 798 3090 Gallis
810 3033 913 3106 geniti,
925 3039 1123 3101 reserventur,

180 3182 185 3187 .
256 3136 359 3210 pignus
385 3131 543 3190 societatis.
604 3131 785 3197 Cohortium,
818 3134 937 3197 alarum,
971 3130 1123 3204 legionum

285 3308 373 3359 Civilis,
389 3307 481 3352 duriora
491 3305 546 3365 coto}
578 3304 677 3351 Patrium
694 3310 717 3350 et
736 3305 828 3351 solenne
846 3302 963 3351 Germanis
978 3304 1022 3349 hoe
1035 3309 1123 3351 votum.

256 3367 349 3413 Tacitus
358 3367 387 3411 de
396 3364 492 3410 moribus
502 3365 548 3409 eius
563 3364 633 3423 gentis
643 3367 677 3410 31.
709 3364 771 3409 Aliis
780 3363 944 3408 Germanorum
956 3363 1047 3418 pupulis
1056 3377 1125 3408 usur·

254 3430 339 3482 potum,
349 3439 403 3470 rere
412 3428 432 3468 el
444 3424 534 3479 priuata
548 3423 655 3482 coituque
668 3423 783 3478 audentio,
800 3423 861 3479 opud
875 3421 949 3466 Cultor
958 3422 984 3467 irs
994 3435 1127 3467 cosamsuss

255 3484 327 3537 uertit,
348 3483 432 3528 crium
450 3481 581 3540 dardumque
600 3482 742 3535 runrneittere,
768 3495 808 3526 nee
825 3480 871 3526 nisi
890 3479 1024 3525 hortemur
1042 3495 1126 3527 seuere

255 3539 612 3597 nemorumnemorum
620 3540 782 3589 menarum.
814 3537 1092 3587 Maesitinleriorsueeu
