2509 4292
128 392 246 443 anan.
353 393 424 442 crs.
450 394 473 443 ι.
523 396 603 444 one.
633 378 796 446 12.-tt.
922 378 990 445 137

125 548 176 610 tes,
195 541 275 604 circa
288 544 446 605 consitium
465 547 595 621 eligendi
608 549 785 606 successoris
800 547 915 606 induas
934 550 992 609 lac·

130 643 220 701 tiones
244 644 463 703 scindebantur.
505 645 613 703 Vinius
640 664 692 720 pro
720 646 763 704 ll.
785 646 918 704 Othone:
937 648 993 705 La-

30 750 31 753 ’
129 757 165 798 co
182 746 265 816 atqua
280 743 383 800 leelus
396 760 540 801 consensu
553 761 612 800 uon
633 750 693 801 nm
715 760 804 801 unum
815 743 942 818 aliquem
954 743 994 801 lo·

130 840 241 908 nebant,
260 857 352 915 quam
380 841 479 900 alium
540 843 645 916 Neque
664 849 727 899 erat
753 842 868 898 Galbae
894 842 995 915 ignota

30 1016 31 1033 Χ
129 938 247 997 Othonis
266 957 304 998 ac
334 934 378 998 Τ.
400 940 484 999 Vinii
511 940 664 1009 amicitia3
691 945 721 997 et
741 939 901 997 iunioribus
921 939 994 997 nihil

30 1036 31 1039 ’
126 1035 239 1117 silentio
272 1039 546 1107 transmittentium,
574 1035 657 1113 (quia
679 1038 774 1096 Vinio
806 1037 896 1095 uidua
925 1037 994 1105 lilla,

30 1178 31 1183 1
125 1137 236 1192 caelebs
250 1135 350 1211 Otho)
363 1155 456 1212 gener
477 1154 514 1194 ac
533 1153 618 1193 socer
630 1136 856 1193 destinabantur.
898 1134 996 1193 Credo

30 1306 31 1311 η
127 1237 154 1290 et
174 1233 256 1307 Reip.
275 1253 381 1293 curam
395 1235 515 1301 subisse,
529 1235 633 1291 irustra
652 1251 671 1291 a
691 1235 810 1291 Nerone
828 1234 994 1301 translatae,

126 1329 152 1386 si
163 1334 235 1403 apud
248 1334 402 1391 Othonem
423 1333 639 1408 relinqueretur.
680 1332 814 1404 Namque
836 1332 915 1391 Otlro
928 1348 995 1405 pue·

130 1428 219 1489 titiam
243 1432 406 1500 incuriose,
434 1433 663 1490 adolescentiam
691 1434 854 1505 petulanter
876 1436 994 1506 egerat3

129 1534 219 1601 gratus
238 1530 358 1589 Neroni
380 1529 576 1588 aemulatione
600 1532 695 1591 luxus.
716 1547 808 1605 eoque
835 1530 894 1588 iam
921 1530 994 1604 Pop-

130 1642 226 1699 paeam
254 1631 409 1695 Sabinam,
429 1629 592 1702 principale
611 1635 746 1695 scortum,
773 1634 804 1686 ut
823 1621 900 1702 apud
927 1647 995 1687 con·

129 1726 217 1783 seium
236 1729 404 1794 libidinum,
423 1729 604 1800 deposuerat,
622 1730 718 1787 donee
742 1728 900 1786 (leuviam
925 1746 994 1786 uxo·

131 1838 187 1880 rem
199 1828 387 1885 amoliretur:
410 1844 478 1884 mox
492 1834 656 1896 suspectum
677 1827 709 1885 in
729 1828 833 1885 eadem
858 1827 995 1900 Poppaea

131 1918 160 1976 iu
179 1925 363 1995 provinciam
387 1924 575 1988 Lusitaniam
599 1926 698 1998 specie
721 1924 886 2000 legationis,
912 1942 994 1996 sepo

129 2019 191 2076 suit.
251 2025 343 2089 Otho,
369 2023 492 2081 comiter
516 2023 718 2080 administrata
751 2021 914 2095 provincia,
940 2021 997 2092 pri·

30 2184 31 2191 ἵ
132 2121 243 2178 musio
265 2128 363 2195 partes
390 2126 592 2197 transgressus,
609 2132 676 2180 'nec
699 2121 807 2193 segnis,
835 2126 874 2185 et,
900 2120 996 2176 donec

30 2200 31 2207 ἵ
133 2212 235 2276 bellum
259 2222 325 2287 t'uit,
352 2220 429 2277 inter
455 2226 621 2294 praesentes
636 2217 895 2292 splendidissimus,
915 2234 997 2290 spem

30 2328 31 2349 ¹
134 2315 304 2389 adoptionis,
318 2319 416 2377 statim
438 2325 621 2393 conceptam,
649 2317 743 2375 acrius
766 2316 797 2374 in
821 2314 884 2372 dies
906 2315 997 2389 rapie-

136 2412 198 2472 bat:
230 2418 397 2476 laventibus
425 2421 568 2494 plerisque
596 2417 730 2484 militum,
757 2433 847 2488 prona
874 2415 907 2472 iu
930 2431 996 2471 eum

134 2516 197 2570 aula
225 2517 362 2583 Neronis,
388 2523 420 2575 ut
443 2516 577 2574 similem.
620 2516 680 2574 Sed
705 2514 810 2582 Galba,
838 2521 902 2588 post
926 2510 1051 2571 nun-14

135 2609 187 2668 lios
210 2614 407 2672 Germanicae
430 2615 591 2680 seditionis,
614 2631 786 2690 quamquam
808 2614 879 2672 nihil
901 2614 997 2671 adhuc

30 2756 31 2759 ,
134 2707 169 2765 de
183 2711 308 2770 Vitellio
321 2722 443 2777 certum,
466 2712 571 2770 anxius
591 2730 716 2787 quonam
742 2714 924 2771 exercituum
951 2713 998 2768 via

136 2817 303 2882 erumperet,
325 2829 361 2868 ne
387 2814 496 2869 urbano
519 2811 635 2885 quidem
657 2811 744 2868 militi
764 2813 899 2879 conlisus,
921 2810 998 2883 quod

137 2910 290 2966 remedium
315 2909 579 2973 unicum-rebatur,
606 2909 727 2967 comitia
752 2910 870 2983 Imperii
895 2908 1000 2965 transi·

137 3003 192 3076 git:
220 3007 417 3083 adhibitoque,
440 3025 524 3081 super
546 3006 669 3065 Vinium
693 3026 728 3064 ac
754 3009 913 3069 Laconem,
937 3005 999 3061 Ma-

138 3102 178 3158 rio
199 3106 297 3173 Celso,
321 3107 448 3164 Consule
471 3108 635 3180 designato,
659 3124 695 3164 ac
717 3106 876 3162 Ducennio
900 3100 1001 3161 Geni·

30 3220 31 3223 ¹
140 3219 184 3267 uo,
199 3205 350 3261 Praefecto
371 3205 456 3265 urbis.
477 3223 568 3278 pauca
593 3205 736 3278 praelatus
761 3201 792 3259 de
811 3216 865 3258 sera
881 3205 1003 3256 senectu-

137 3304 169 3365 te,
190 3303 320 3360 Pisonem
346 3302 526 3360 Licinianum
550 3301 655 3361 necessi
683 3302 778 3368 iubet3
808 3317 860 3354 seu
889 3298 1003 3371 propria

140 3401 291 3469 electione,
329 3401 403 3469 sive,
439 3410 470 3460 ut
503 3403 619 3485 quidam
650 3398 843 3465 crediderunt,
880 3397 1001 3455 Lacone

140 3495 270 3567 instante,
284 3500 334 3557 cui
347 3503 422 3574 apud
445 3502 612 3559 Rubellium
634 3494 767 3556 Plautum
789 3495 919 3553 exercite
934 3506 1001 3551 cum

141 3592 242 3656 Pisone
266 3599 416 3659 amicitia:
436 3601 488 3660 sed
511 3598 626 3666 callide,
649 3602 680 3655 ut
701 3595 841 3672 ignotum,
863 3595 1002 3663 tovebet3

179 3714 248 3757 rori.
269 3715 305 3757 ιι.
416 3734 421 3737 „
584 3693 649 3754 12*
951 3695 954 3702 '
