2509 4292
278 267 327 337 04
617 258 805 331 malmsb
1003 285 1033 334 n.
1048 283 1079 334 v.
1095 286 1156 336 sin

277 441 357 499 inter
383 435 494 497 diremi
518 435 643 511 meris,
663 435 785 503 ordinis,
805 435 921 504 aetam,
945 454 1044 505 sexus,
1063 438 1156 508 dites,

277 552 431 615 properes,
455 535 655 593 taciturnitate
685 534 785 593 omnia
808 534 1028 605 cohibitione
1056 538 1159 596 donec

278 636 405 712 proditio
434 634 532 707 coepit
555 651 573 690 e
599 634 686 692 domo
709 632 851 691 Scevini:
882 634 932 708 qui
956 635 1049 706 pridie
1080 635 1154 693 insi-

279 735 392 795 diarum
416 736 507 791 multo
518 749 653 790 srmone
677 748 744 789 cum
762 731 893 789 Antonio
918 733 1037 798 Natam,
1077 733 1151 790 dein

279 852 424 909 regressus
445 834 574 897 domum,
596 837 800 890 testamentum
824 832 1007 906 obsignavit3
1038 849 1153 906 promp-

280 940 342 993 tum
356 933 463 1007 vagina
486 931 649 1006 pugionem
673 934 710 989 ue
724 951 781 1007 quo
794 949 880 1004 supra
902 931 996 997 retuli,
1016 936 1151 989 amau

281 1032 407 1091 marum
442 1031 607 1104 increpans,
629 1029 758 1106 nsprrmi
787 1047 858 1087 soso
884 1036 910 1087 rt
931 1028 964 1086 is
990 1046 1153 1087 mmmm

280 1129 421 1189 mitescere
443 1130 537 1195 iussit,
558 1146 680 1202 eamque
693 1145 792 1186 curam
807 1129 913 1186 liberto
929 1128 1054 1186 Milicho
1067 1146 1152 1187 mau-

280 1229 372 1287 dnvit.
413 1227 507 1284 Simul
530 1227 704 1285 adfluentius
724 1225 997 1295 solitocouvivinm
1022 1227 1151 1284 initum:

280 1343 430 1385 servorum
451 1325 594 1399 carissimi
618 1327 751 1383 libertate
773 1333 803 1383 et
827 1325 880 1383 alii
900 1326 1024 1398 pecunia
1037 1326 1152 1385 donati.

280 1431 368 1500 etque
382 1425 444 1498 ipse
469 1430 595 1482 moestus
619 1431 650 1481 et
665 1441 788 1499 maguae
810 1423 997 1497 cogitationis
1017 1424 1156 1481 mnniies·

282 1529 329 1582 tur
342 1530 414 1589 erat,
427 1524 560 1597 quamvis
570 1522 712 1580 laetitiam
727 1522 809 1596 vagis
832 1522 1011 1580 sermonibus
1034 1523 1154 1581 simula·

281 1628 333 1680 ret
375 1621 526 1678 Postremo
541 1619 702 1678 valamber
720 1619 883 1695 ligantem,
902 1619 1056 1696 quibusque
1072 1619 1153 1678 sisti

250 1748 254 1755 ·
281 1717 470 1793 bersongm'e,
490 1735 597 1792 parere
620 1720 746 1777 eundem
773 1719 926 1777 Milichum
946 1725 1064 1788 monet3
1084 1720 1154 1777 sive

281 1836 402 1895 gnarum
434 1816 644 1874 coniurationis
677 1823 709 1875 et
741 1818 810 1875 illuc
844 1835 933 1892 usque
967 1819 1065 1884 lidum,
1097 1834 1155 1876 seu

283 1917 413 1976 nescium
440 1922 470 1973 et
497 1922 566 1972 tunc
587 1916 710 1988 primum
734 1917 861 1988 adreptIs
874 1917 1096 1989 suspicionibus,
1114 1921 1152 1974 ut

282 2016 411 2090 plerique
439 2015 592 2081 tradidere,
618 2017 656 2071 de
682 2016 935 2088 consequentibus.
975 2017 1063 2082 Nem,
1083 2032 1153 2074 cum

283 2131 383 2171 secum
403 2114 520 2170 servilis
544 2113 657 2170 enimus
686 2114 814 2186 praemia
833 2114 970 2187 perlirline
991 2115 1148 2186 reputavit,
1178 2098 1179 2103 ἵ

282 2211 424 2286 simulque
438 2212 572 2269 inmensa
586 2210 709 2284 pecunia
724 2217 754 2268 et
768 2212 897 2284 potentia
911 2214 1152 2281 obversabantur,
1231 2246 1232 2311 l

284 2312 373 2370 cessit
395 2311 438 2367 ias
457 2317 488 2366 et
501 2312 578 2367 salus
597 2311 710 2382 patroni
724 2316 754 2367 et
767 2316 906 2384 acceptae
926 2311 1067 2368 libertatis
1091 2329 1152 2370 me·
1231 2344 1232 2413 p

284 2409 383 2467 moria.
425 2408 544 2465 Etenim
559 2410 657 2465 uxoris
676 2425 788 2483 quoque
807 2408 962 2466 consilium
985 2410 1162 2491 adsumpse-

282 2513 337 2569 rat,
351 2504 490 2562 muliebre
503 2522 539 2562 ac
552 2507 688 2563 deterius.
708 2508 815 2581 quippe
838 2509 913 2564 ultro
933 2515 1042 2565 metum
1055 2507 1152 2566 inien-
1230 2492 1231 2527 ³

283 2603 372 2668 tabat,
400 2604 579 2678 ‘multosque
603 2604 749 2662 adstitisse
774 2604 893 2662 libertos
912 2622 948 2663 ac
969 2623 1079 2671 servos,
1099 2605 1151 2680 qui

283 2701 405 2757 ‘eadem
430 2701 573 2759 viderint:
594 2702 668 2759 nibil
692 2702 867 2775 profuturum
881 2703 966 2760 unius
980 2704 1151 2761 silentium:
1230 2700 1231 2731 i

283 2802 329 2857 ‘at
343 2798 470 2870 praemia
484 2817 573 2871 rienes
587 2817 675 2857 unum
695 2799 764 2865 iore,
787 2801 836 2875 qui
861 2801 972 2858 indicio
983 2803 1151 2874 praevenis·
1229 2856 1230 2889 ¹

230 2895 367 2963 55‘set.’
408 2897 507 2972 Igitur,
530 2905 636 2970 coepta
656 2901 731 2966 luce,
755 2899 894 2957 Milichus
908 2901 940 2957 in
965 2901 1061 2957 hortos
1083 2900 1151 2958 Ser·
1229 2890 1230 2973 Ῐ

283 2999 409 3056 vilieuos
429 2998 539 3070 pergit:
559 3003 597 3064 et,
627 3014 694 3055 cum
724 2997 830 3055 toribus
860 3005 1015 3066 arceretur,
1042 3014 1150 3074 meges
1229 2988 1230 3051 l

281 3104 307 3154 et
320 3094 427 3154 atrocia
439 3095 549 3173 offerre
561 3096 711 3159 dictitans,
724 3097 920 3171 deductusque
931 3100 969 3154 ab
979 3096 1150 3155 ianitoribus

280 3198 320 3253 ad
340 3197 473 3253 libertum
493 3195 629 3262 Neronis,
650 3195 889 3268 Epaphroditum,
910 3212 978 3254 mox
998 3197 1037 3253 eb
1056 3213 1094 3253 eo
1112 3196 1150 3254 ari
1228 3194 1229 3205 ’

312 3368 486 3430 Epephmllitm]
517 3370 603 3416 Neroni
612 3375 685 3416 eruta
701 3368 796 3425 libellis;
816 3383 882 3428 quem
896 3372 971 3416 temen
980 3369 1071 3415 fortuna
1081 3368 1152 3419 minus
1228 3338 1229 3367 ζ

283 3427 393 3475 celebrem
409 3428 471 3485 iecit,
489 3442 556 3489 quem
579 3442 655 3478 terrun
676 3428 723 3487 eius
742 3427 863 3484 ephrem.
904 3427 1031 3476 Stoicorum
1049 3428 1149 3476 antistes.
