2509 4292
259 351 306 417 34
579 362 765 412 auuaaun
981 363 1134 414 auare.

258 522 294 580 L.
329 519 436 578 Asinio
466 535 545 577 coss.
568 518 715 577 Antistius
737 518 867 582 Praetor,
889 532 975 591 quem
1004 516 1035 572 in
1056 516 1129 572 'Pri-

258 621 367 676 bunatu
396 618 488 691 plebis
526 618 650 676 licenter
680 617 776 691 egisse
814 615 984 679 memoravi,
1012 616 1132 688 probro-

259 735 293 775 sa
316 719 455 775 adversus
488 716 657 790 Principem
684 708 814 773 carmina
837 715 995 782 factitavit,
1028 715 1130 787 vulga·

260 815 361 890 vitque
381 815 490 873 celebri
504 815 657 881 convivio,
677 831 744 872 cum
758 817 832 887 apud
853 813 1000 872 Ostorium
1018 814 1129 884 Scapu-

261 916 319 972 lam
343 915 484 987 epulatur.
537 914 617 971 Exin
646 930 664 970 a
691 913 866 971 Cossutiano
894 912 1050 984 Capitone,
1077 910 1131 985 qui

261 1028 354 1086 nuper
368 1012 556 1070 Senatorium
577 1012 720 1077 ordinem,
744 1012 880 1086 precibus
903 1010 1057 1085 Tigellini,
1082 1024 1132 1066 ao·

186 1096 190 1103 ¹
259 1111 322 1169 ceri
342 1110 396 1178 sui,
410 1117 569 1185 receperat,
583 1111 745 1170 maiestatis
754 1112 867 1167 delatus
882 1116 936 1167 est.
978 1110 1058 1165 'l'um
1074 1107 1131 1181 pri·

260 1227 338 1268 mum
351 1215 490 1268 revocata
506 1227 541 1268 ea
566 1213 615 1267 lex
632 1231 639 1265 :
659 1211 890 1285 credebaturque
912 1210 989 1265 baud
1007 1207 1132 1281 perinde

260 1305 384 1364 exitium
411 1305 550 1372 Antistio,
577 1321 661 1379 quam
677 1305 848 1378 lmperatori
874 1304 966 1378 gloria
990 1301 1132 1377 quaesita,

260 1409 293 1463 ut
315 1406 525 1463 condemnatus
545 1405 698 1471 asenatu,
719 1402 929 1460 intercessione
953 1399 1133 1458 Tribunicio

262 1502 347 1561 morti
360 1503 544 1560 eximeretur.
585 1500 635 1569 lit,
647 1517 714 1558 cum
736 1501 877 1567 Ostorius,
889 1498 968 1556 nilu'l
980 1497 1133 1566 mediatore,

261 1618 314 1676 pro
328 1602 496 1659 testimonio
517 1600 651 1667 dixisset,
674 1601 805 1658 adversis
826 1600 947 1656 testibus
967 1600 1135 1656 creditum:-

261 1701 431 1775 ocnsuitqne
447 1699 547 1758 lunius
562 1700 712 1764 Marullus,
726 1700 836 1757 Consul
858 1699 1035 1772 designatus,
1049 1705 1058 1732 ‘
1071 1699 1134 1757 adi·

261 1800 418 1857 ‘mendam
431 1814 481 1855 reo
494 1799 672 1863 Praeturam,
693 1801 913 1873 necandumque
941 1816 1020 1855 more
1041 1799 1134 1856 maln-

262 1896 363 1956 ‘rum.‘
404 1896 518 1956 Celeris
531 1887 600 1955 inde
613 1897 849 1963 assentientibus,
863 1897 976 1955 Paetus·
986 1899 1132 1965 Thrasea,

263 1999 355 2056 multo
390 2013 458 2055 cum
489 1997 597 2054 bonore
619 1996 764 2062 Caesaris,
801 2002 831 2054 et
864 1997 1004 2055 acerrime
1036 1997 1134 2053 incre·

264 2096 327 2171 pito
342 2096 482 2163 Antistio,
497 2103 511 2129 ·‘
523 2113 591 2162 uon,
611 2095 750 2170 quidquid
770 2114 880 2153 nocens
905 2114 969 2152 rens
995 2095 1054 2168 pati
1072 2113 1132 2152 me-

264 2202 404 2264 tueretur,
426 2197 465 2265 id,
487 2196 603 2271 egregio
623 2198 676 2252 snb
702 2194 849 2267 Principe,
871 2202 901 2251 et
926 2196 1006 2251 nulla
1031 2211 1132 2251 neces·

264 2292 373 2350 ‘eitate
394 2295 535 2351 obstricto
555 2296 675 2360 Senatu,
689 2296 883 2358 statuendum,
907 2293 1056 2349 disseruit..
1072 2310 1134 2350 car·

263 2393 400 2449 ‘cilicem
421 2398 451 2448 et
464 2395 600 2471 laqueum
621 2393 734 2463 pridem
745 2392 870 2449 abolita:
892 2398 922 2448 et
935 2409 999 2448 esse
1022 2409 1132 2465 poenas

263 2489 394 2563 ⁸legibus
407 2490 589 2557 constitutas,
602 2490 711 2563 quibus,
726 2491 790 2547 sinc
811 2491 939 2548 iudicum
959 2490 1085 2547 saevitia
1100 2496 1132 2547 et

262 2592 442 2657 ‘temporum
457 2587 583 2653 infamia,
607 2590 750 2660 supplicia
775 2591 1007 2646 decernerentur.
1051 2589 1132 2661 Quin

264 2685 314 2741 ‘in
340 2684 443 2752 insula,
482 2685 636 2757 publicatis
665 2684 756 2751 bonis,
784 2705 840 2761 quo
866 2690 979 2760 longius
1016 2695 1133 2746 sontem

264 2783 374 2840 ‘uitam
389 2783 534 2852 traxisset,
555 2803 591 2840 ec
612 2785 749 2859 privatim
774 2787 960 2852 miseriorem,
984 2792 1015 2843 et
1040 2787 1135 2858 publi·

210 2880 522 2945 tt‘eseetemenuae
537 2889 695 2946 maximum
718 2894 884 2961 exemplum
899 2887 1042 2946 laturum?
1083 2890 1135 2949 Li-

264 2988 360 3044 bertas
383 2987 535 3045 Thraseae
558 2988 710 3046 servitium
734 2989 855 3045 aliorum
877 2990 960 3061 rupit.
989 2980 1037 3054 et,
1053 2997 1134 3062 pust·

264 3104 349 3164 quum
358 3086 567 3144 discessionem
577 3089 689 3144 Unnsul
703 3088 881 3160 permiserat,
895 3087 1015 3160 pedibus
1027 3087 1057 3144 in
1069 3106 1137 3146 sen·

294 3260 452 3309 Interceraiorrc
470 3261 601 3322 tribunicio]
642 3262 801 3309 intercessione
819 3261 887 3322 ipsius
905 3261 1023 3307 Caesaris:
1043 3261 1083 3323 qni
1101 3262 1137 3311 ite

265 3319 397 3367 clementiae
405 3319 499 3377 gloriam
509 3327 605 3382 pararet.
637 3320 697 3379 [λιιι.
732 3322 765 3367 ad
776 3321 846 3366 instar
858 3322 951 3379 Augusti
962 3325 982 3375 l,
992 3324 1013 3367 2.

296 3396 429 3445 Necundum
445 3414 505 3445 more
519 3400 639 3461 majorum}
672 3399 774 3447 Necondi
789 3414 845 3445 vero
859 3414 921 3444 mere
937 3400 1054 3456 maj0rnur,
1069 3400 1136 3456 juxta

268 3455 399 3515 Eutropium
418 3458 471 3504 vu.
489 3473 557 3514 pocta
572 3465 619 3505 erut
639 3460 696 3513 tulis,
714 3463 740 3505 ul
759 3462 835 3506 nudus
856 3474 897 3516 per
913 3459 1030 3514 publicum
1045 3458 1137 3516 ductus,

258 3513 333 3584 [urea
343 3516 409 3585 copiti
418 3516 466 3573 ejus
482 3515 573 3570 iruertu,
592 3518 665 3577 virgin
684 3531 753 3577 usqua
763 3520 798 3583 cd
813 3523 905 3566 murium
919 3517 1055 3576 camur,
1070 3520 1137 3582 atqua

267 3576 299 3619 ue
305 3577 490 3631 mutiani&
499 3575 527 3622 ds
535 3589 593 3625 unc.
