2509 4292
299 317 369 391 ltu
607 337 791 388 susurru
1018 342 1051 390 a.
1067 340 1100 390 v.
1116 341 1171 392 sno.

295 494 426 553 tortam
439 491 497 550 sibi
519 491 670 550 monitist
711 490 869 550 ventitare
893 491 931 548 sd
953 508 1022 553 enus
1049 493 1175 551 nuntios
1223 568 1224 577 ἵ

295 598 327 652 et
339 592 568 651 consultationes
582 609 640 649 non
653 592 757 648 trustra
771 596 861 659 ratus,
874 591 958 649 simul
974 609 1110 649 annnam
1124 610 1173 665 pe·
1223 590 1224 669 ἦ

296 691 413 750 cuniam
433 710 451 749 a
475 690 508 748 P.
537 690 646 747 Anteio
670 690 826 747 ministrari
851 688 1015 763 cognoscit.
1062 691 1170 764 Neque

296 792 428 849 nescium
443 790 582 851 babebat.
610 788 749 846 Anteium
768 789 889 845 caritate
921 788 1109 861 Agrippinae
1128 789 1171 846 in·
1223 830 1224 843 ,

296 888 391 947 visum
408 887 527 951 Neroni,
538 905 665 961 manue
676 888 738 946 eius
753 889 922 959 praecipuas
936 888 972 943 ad
984 888 1168 944 eliciendam
1223 868 1224 871 Ἴ

294 988 468 1061 cupidinem,
479 1004 601 1062 amque
612 1005 746 1045 commin
755 986 955 1045 multiseaitio
968 1004 1048 1043 esse.
1066 985 1169 1059 igitur,
1223 980 1224 987 '

184 1106 193 1125 ⁴
295 1086 464 1157 interceptis
487 1086 589 1144 Anicii
603 1087 838 1145 litteris.turatus
857 1086 947 1143 etiem
962 1086 1095 1149 libellos,
1109 1081 1168 1156 qui·
1223 1084 1224 1087 ’

294 1187 346 1243 bus
359 1185 421 1241 dies
435 1185 572 1257 genitalis
586 1184 649 1241 eius
670 1191 701 1242 et
721 1191 860 1242 eventura
884 1182 1004 1241 secretis
1032 1183 1167 1241 Pamme-

295 1283 342 1340 nis
361 1284 591 1350 occultabantur,
615 1284 699 1340 simul
723 1283 854 1355 repertis,
864 1300 938 1357 quae
959 1283 996 1338 de
1008 1288 1080 1338 ortu
1095 1281 1168 1339 vita·

295 1398 350 1455 que
371 1381 481 1438 Ostorii
512 1382 658 1454 Scapulae
686 1381 848 1451 composita
878 1385 970 1446 erant,
991 1378 1100 1437 scribit
1127 1376 1165 1434 sd

295 1478 473 1550 Principem,
500 1488 624 1553 ‘magna
653 1497 685 1536 se
706 1486 736 1537 et
762 1497 837 1553 quae
865 1476 1067 1535 incolumitati
1102 1475 1166 1533 eius
1223 1502 1224 1549 j

295 1579 523 1645 ‘conducerent
543 1579 714 1646 adlaturum,
734 1577 761 1635 si
782 1579 902 1634 brevem
922 1575 1023 1633 exsilii
1046 1574 1165 1632 veniam

295 1673 532 1747 ‘inpetravissct
567 1677 673 1750 quippe
708 1676 849 1734 Anteium
880 1681 911 1732 et
940 1675 1091 1733 Ostorium
1120 1673 1164 1729 ia·

295 1772 426 1829 ‘minere
458 1775 551 1838 rebus,
580 1781 612 1829 et
632 1791 685 1833 sua
720 1773 913 1845 Caesarisque
934 1773 995 1829 lata
1024 1766 1166 1829 scrittori.²

295 1870 373 1930 Exin
389 1872 493 1928 missae
508 1872 679 1936 liburnicae,
698 1871 908 1944 advehiturque
927 1887 1051 1944 propere
1067 1867 1161 1927 Sosis·
1223 1902 1224 1909 κ

293 1976 357 2029 'nun
392 1971 458 2051 alc,
477 1972 598 2045 vulgato
611 1968 673 2026 eius
690 1969 819 2035 indicio,
840 1968 917 2025 iuter
935 1970 1090 2025 damnatos
1105 1981 1162 2023 ma·

296 2068 443 2142 Qunam
457 2067 534 2126 inter
560 2086 633 2136 reos,
661 2067 785 2127 Anteius
799 2067 989 2141 Ostoriusque
1014 2069 1159 2124 habeban-
1223 2082 1224 2089 ¹

296 2172 359 2223 tur:
382 2169 457 2225 aden
470 2173 500 2224 ut
520 2172 725 2224 testamentum
752 2165 855 2223 Anteii
877 2182 963 2222 nemo
983 2164 1158 2238 obsignaret,
1223 2234 1224 2239 η

295 2265 353 2324 nisi
382 2266 550 2340 Tigellinus
573 2269 675 2322 notator
697 2262 867 2320 exstitisset.
923 2261 1056 2320 Monitus
1082 2260 1157 2334 prius
1189 2306 1194 2315 ,
1223 2246 1224 2253 ¹

295 2364 436 2428 Anteius,
466 2369 498 2418 ut
516 2378 672 2438 supremae
697 2359 810 2418 tubulos
833 2366 999 2417 marciam.
1062 2359 1157 2432 Atque

294 2460 356 2528 ille,
376 2462 478 2517 hausto
493 2478 617 2523 veneno,
649 2460 814 2517 tarditatem
835 2458 897 2515 eius
926 2475 1053 2531 perosus.
1073 2457 1156 2514 inter·
1223 2474 1224 2479 ¹

245 2542 364 2615 l5cisis
386 2559 478 2623 venis,
493 2566 614 2615 mortem
639 2558 854 2630 adproperavit.
895 2556 1029 2614 Ostorius
1048 2552 1156 2627 longin-
1223 2632 1224 2635 Ἴ

294 2654 357 2731 quis
386 2654 417 2712 in
440 2655 534 2729 agris,
563 2657 639 2727 apud
661 2657 756 2713 tinem
783 2656 931 2729 Ligurum,
962 2656 992 2711 id
1022 2650 1153 2726 temporis
1223 2670 1224 2731 j

296 2758 366 2811 erat
401 2754 562 2811 comissas
596 2753 749 2817 Centurio,
782 2754 832 2827 qui
862 2754 984 2811 caedem
1006 2752 1068 2811 eius
1101 2764 1157 2806 ma·

295 2858 409 2911 turaret.
450 2853 562 2910 Caussa
591 2853 749 2910 festinandi
770 2871 809 2910 ex
837 2870 874 2909 eo
893 2850 1047 2917 oriebatur,
1080 2844 1151 2923 quod

295 2952 426 3011 Ostorius
447 2951 530 3008 multi
563 2950 682 3008 militari
700 2951 785 3017 lama,
814 2956 845 3007 et
864 2950 993 3007 civicam
1022 2959 1152 3005 coronam

295 3054 371 3125 apud
401 3050 584 3115 Britanniam
605 3050 732 3113 meritus,
762 3048 874 3122 ingenti
903 3046 1030 3120 corporis
1057 3046 1151 3102 robore

295 3167 492 3222 armorumque
517 3127 657 3217 ,scientia
687 3152 794 3205 metum
828 3146 942 3203 Neroni
967 3147 1088 3227 ¹iecerat,
1117 3156 1151 3196 ne

294 3248 448 3307 invaderet
469 3246 605 3318 pavidum
624 3262 746 3315 semper,
766 3250 795 3301 et
816 3249 929 3317 reperta
951 3262 1042 3316 nuper
1064 3236 1154 3298 coniu-

294 3348 406 3405 ratione
434 3345 525 3419 magis
549 3343 726 3403 exterritum.
767 3343 860 3417 igilur
879 3342 1031 3412 Centurio,
1050 3339 1098 3398 ubi
1116 3333 1153 3393 ei·

323 3514 532 3596 contemno]
563 3535 833 3595 cinianuarvma.
