2509 4292
106 433 142 481 a
164 429 247 483 cm.
345 431 415 478 nm.
441 432 478 477 rr.
529 431 607 477 car.
635 411 693 476 22.
719 412 778 478 23.
913 408 989 481 209

104 584 233 660 sagittis
268 589 318 641 aut
350 585 429 640 sanis
456 584 621 641 incessere:
657 586 801 656 neglecta,
830 589 880 641 aut
912 602 988 644 aevo

104 682 345 740 flnxacominus
370 681 498 755 adgredi.
521 682 658 755 ingerunt
681 683 805 754 desuper
829 681 988 741 Othoniani

106 782 192 854 pila,
217 781 322 837 librato
340 782 433 852 magis
458 785 488 835 at
507 787 588 837 certo
615 779 686 846 ictu,
712 780 852 835 adversus
880 786 987 840 temere

108 881 277 936 subeuntes
307 879 443 934 cohortes
477 878 699 943 Germanorum,
727 883 817 933 cautu
847 877 930 946 tract,
957 883 988 936 et

107 995 200 1036 more
212 977 320 1057 &patrio
347 976 431 1033 nudis
455 976 631 1047 corporibus,
651 992 736 1048 super
755 974 890 1032 humeros
903 983 987 1034 senta

104 1075 317 1151 quatientium.
366 1073 567 1147 Legionarius,
591 1075 697 1146 pluteis
721 1078 752 1130 et
774 1073 902 1130 cratibus
927 1083 986 1131 tec·

105 1179 170 1241 tus,
200 1173 311 1231 subruit
339 1186 444 1237 rnurns,
472 1164 588 1228 instruit
611 1188 755 1245 aggerem,
787 1173 904 1229 molitur
924 1190 986 1245 por·

105 1278 167 1331 tas.
211 1272 322 1329 Contra
356 1271 537 1328 Praetoriani
571 1269 727 1342 dispositos
755 1271 792 1327 ad
827 1270 857 1327 id
888 1270 985 1342 ipsum

104 1373 241 1430 molares
274 1369 388 1442 ingenti
420 1369 549 1442 pondere
588 1385 624 1424 ac
645 1368 757 1441 fragore
796 1370 983 1442 provolvunt.

109 1486 184 1544 pars
205 1468 390 1526 subeuntium
416 1466 531 1535 obruti3
550 1483 616 1538 pars
629 1464 741 1523 confixi
754 1473 784 1523 et
811 1482 984 1541 exsanguee,

107 1573 165 1624 ant
194 1565 291 1634 laceri,
311 1583 378 1621 cum
399 1569 519 1639 augeret
545 1569 672 1637 stragem
699 1563 864 1637 trepidatio,
890 1583 983 1641 eoque

107 1668 209 1726 acrius
237 1687 254 1724 e
282 1667 431 1724 moenibus
460 1667 690 1730 vulnerarentur,
713 1665 835 1734 rediere,
858 1665 983 1724 infracta

106 1766 240 1842 partium
259 1766 345 1821 fama.
399 1764 439 1821 Et
473 1763 614 1829 Caenina,
648 1765 755 1836 pudore
789 1769 911 1837 coeptae
940 1771 982 1822 te-
1006 1772 1012 1787 ⁸

107 1882 193 1923 ruere
221 1862 452 1936 oppugnationis,
486 1879 524 1919 ne
556 1861 662 1919 inrisus
692 1879 727 1920 ac
756 1880 848 1920 vanus
876 1862 982 1941 iisdem

108 1962 217 2020 castris
245 1960 398 2028 adsideret,
419 1959 543 2017 traiecto
563 1977 659 2017 rursus
686 1961 776 2028 Pado,
805 1961 981 2018 Cremonam

109 2066 213 2135 petere
238 2059 374 2115 intendit.
414 2058 576 2117 Tradidere
602 2072 668 2115 sese
695 2058 815 2122 abeunti
841 2056 982 2114 'Paralius

111 2158 241 2216 Cerialis
267 2173 334 2213 cum
357 2156 551 2228 compluribus
574 2156 726 2224 classicis3
746 2161 777 2211 et
800 2155 891 2212 lulius
918 2155 981 2213 Bri-

111 2256 250 2331 gentious
264 2272 330 2311 cum
349 2255 449 2326 paucis
473 2254 619 2329 equitum:
640 2252 689 2309 hic
718 2253 887 2311 Praefectus
905 2256 982 2325 alae,

110 2356 145 2412 in
170 2353 295 2409 Batavis
319 2354 452 2426 genitum
483 2353 534 2410 ille
557 2351 747 2425 Primipiiaris
775 2350 981 2412 et'Caeeinae

111 2452 191 2510 hand
214 2452 335 2517 alienus,
362 2452 437 2524 quod
463 2451 579 2507 ordines
603 2450 635 2507 in
661 2448 821 2509 Germania
847 2452 980 2510 duxerat.

19 2540 21 2598 ἶ
114 2549 270 2624 Spurinna,
283 2555 433 2621 comperto
449 2548 555 2605 itinere
579 2549 715 2616 hostium,
737 2550 887 2608 defensam
914 2551 1032 2621 Pla-23

109 2648 249 2711 centiam,
273 2662 404 2719 quaeque
426 2653 502 2710 acta,
529 2651 560 2702 et
593 2647 661 2720 quid
690 2649 820 2707 Caecina
855 2657 981 2725 pararet,

111 2748 245 2808 Annium
268 2746 388 2803 Gallum
415 2763 466 2818 per
489 2744 600 2801 litterae
620 2747 715 2803 dccet.
757 2747 861 2807 Callus
890 2752 981 2825 legio-

111 2864 179 2904 nem
195 2845 317 2918 primam
334 2845 371 2900 in.
384 2842 527 2900 auxilium
551 2843 721 2901 Placentiae
748 2847 882 2915 ducebat,
907 2850 979 2907 diffl-

111 2960 160 3000 rus
194 2943 340 3014 paucitate
361 2941 530 3005 cohortium,
565 2928 613 2997 ue'
635 2944 749 3016 longius
777 2945 920 3002 obsidium
947 2955 978 3004 et

112 3040 175 3097 vim
190 3039 360 3097 Germanici
374 3037 520 3095 exercitus
534 3048 633 3111 parurn
647 3043 825 3098 tolerarent:
844 3042 894 3098 nbi
918 3045 979 3113 pul·

112 3156 174 3196 snm
199 3137 362 3195 Caecinam
394 3136 512 3210 pergere
546 3139 720 3196 Cremonam
747 3140 871 3212 accepit,
891 3158 980 3214 aegre

112 3235 270 3293 coercitam
297 3235 452 3307 legionem,
479 3241 509 3291 et
530 3236 678 3309 pugnandi
702 3237 802 3293 ardore
830 3255 918 3312 usque
939 3240 978 3294 ad

111 3333 287 3392 seditionem
311 3348 499 3407 progressam,
524 3333 662 3389 Bedriaci
688 3333 776 3390 sistit.
815 3334 897 3390 Inter
916 3335 980 3392 Ve-

140 3505 254 3576 ilrdriara]
286 3505 356 3575 Vicus
373 3520 462 3567 parvus,
481 3506 520 3551 sed
536 3506 620 3577 duabus
639 3506 748 3553 Romanis
763 3507 862 3554 cladibus
877 3507 979 3578 insignis,

109 3580 150 3613 aec
159 3567 346 3624 induciomarus
355 3579 432 3612 verum
441 3579 523 3612 nomen
530 3580 635 3625 nonnus,
646 3580 711 3627 quarn
720 3566 811 3614 Cannae
821 3574 860 3615 ant
870 3568 978 3631 Phihppi.

149 3663 219 3705 von.
239 3665 277 3704 rr.
558 3651 593 3702 18
605 3642 621 3674 *
