2509 4292
221 328 271 399 38
403 398 408 407 ,
583 335 770 399 nnuanrru
949 332 979 381 s.
994 331 1023 380 v.
1040 331 1095 379 are.

221 516 305 569 ‘mea
318 499 444 565 enituit?
457 498 520 558 Vbi
530 501 576 556 est
586 496 700 554 animus
711 488 905 560 ille,modicis
915 491 1071 566 contentus
1081 482 1113 542 t·
1204 524 1209 541 .

221 608 336 669 ‘Tales
349 606 447 662 hortos
460 597 586 664 instruit,
599 599 631 652 et
643 611 695 668 per
705 592 780 675 haec
794 591 958 648 suburbana
970 583 1097 650 incedit,
1108 603 1113 620 ‘

221 711 271 766 ‘et
283 704 373 767 tantis
387 715 518 777 agrorum
531 694 643 770 spatiis,
662 698 724 750 tarn
737 694 797 748 lato
815 689 915 745 tenore
929 687 1071 743 exuberat
1081 678 1112 739 t-

222 800 452 865 ‘Vnadesensio
461 795 597 860 occurrit,
605 792 681 869 quod
693 788 858 849 muneribus
869 783 1026 844 tuisobniti
1034 798 1113 840 non1

170 898 337 964 tt‘denut.
379 899 440 960 Sed
463 901 582 970 uterque
605 907 771 950 mensurum
785 885 981 961 implevimus,
1001 889 1032 961 et
1051 885 1115 948 tu,·

168 1054 173 1060 .
223 1007 379 1080 ‘quantum
404 997 546 1070 Princeps
573 992 699 1051 tribuere
726 988 823 1048 amico
850 988 957 1060 posset,
976 989 1007 1040 et
1026 998 1114 1055 ego,1

224 1106 383 1181 ‘quantum
396 1097 507 1157 amicus
521 1112 540 1152 a
560 1091 700 1164 Principe
714 1088 858 1160 accipere.
899 1085 1007 1163 Cetera
1019 1080 1114 1138 invt··
1190 1150 1198 1163 ·

141 1210 149 1220 ‘
225 1203 324 1262 ‘diam
337 1203 454 1275 augent.
474 1179 549 1272 quae
560 1193 689 1270 quidem,
698 1196 732 1248 ut
744 1188 843 1247 omnia
863 1184 1006 1251 mortalia,
1021 1181 1113 1240 int'ra¹

225 1308 326 1362 ‘tuam
350 1296 581 1374 magnitudinem
604 1291 722 1361 iacent3
741 1289 794 1346 sed
817 1286 890 1344 mihi
903 1285 1099 1342 incumbunt:

227 1401 319 1462 ‘mihi
330 1396 564 1460 subueniendum
574 1398 628 1451 est.
646 1389 790 1466 quomodo
803 1386 835 1444 in
850 1383 964 1452 militia,
977 1380 1114 1448 sutria,-

227 1502 338 1562 ‘iessus
361 1495 571 1557 adminiculum
596 1506 730 1559 crarem3
764 1490 815 1555 ita,
841 1485 874 1542 in
901 1485 958 1540 hoc
990 1480 1100 1539 itinere

229 1608 238 1635 ‘
252 1601 343 1666 uitae,
357 1614 460 1663 senex,
473 1599 504 1653 at
517 1590 675 1651 levissimis
695 1604 807 1664 quoque
827 1584 904 1644 curis
917 1565 1018 1657 inpar,
1031 1598 1116 1641 cumv

124 1714 131 1721 ’
229 1707 320 1773 ‘opes
333 1712 414 1755 meas
433 1695 508 1751 ultra
532 1691 676 1748 sustinere
699 1706 759 1746 non
784 1684 901 1760 poesim,
923 1682 1118 1758 praesidium·

174 1830 179 1835 -
230 1800 327 1872 ‘peta
368 1794 440 1853 Iube
455 1807 505 1851 eas
519 1808 570 1864 per
592 1790 797 1846 Procuratores
811 1791 877 1842 tuos
897 1780 1104 1847 administrari,

231 1897 283 1956 ‘in
297 1901 376 1954 tuam
399 1893 543 1950 tartunam
567 1888 669 1960 recipi.
710 1887 776 1944 Nec
797 1903 844 1944 me
857 1883 889 1941 in
904 1887 1106 1957 paupertatem

234 1992 500 2072 ‘ipsedetrudarn3
519 1989 571 2046 sed
599 1986 723 2057 traditis,
746 2000 866 2060 quorum
889 1983 1000 2056 lulgore
1024 1997 1107 2055 prae·

235 2096 387 2169 ‘stringen
400 2091 477 2169 quod
491 2088 628 2163 temporis
642 2088 789 2144 hortorum
803 2090 853 2142 aut
866 2082 1002 2141 villarum
1016 2097 1105 2138 curae

235 2193 412 2270 ‘sepontum
445 2191 478 2249 in
510 2187 640 2247 animum
672 2184 827 2243 reuocabo.
878 2182 1029 2255 Superest
1051 2178 1122 2236 tibi·

237 2295 350 2361 ‘roban
377 2295 408 2349 et
431 2293 476 2348 tot
503 2306 554 2361 per
578 2282 670 2345 annos
694 2284 798 2342 nixum
818 2280 935 2355 fastigio
955 2281 1086 2356 regimen
1100 2299 1120 2336 ει

237 2399 409 2468 ‘paestanus
432 2386 562 2445 seniores
586 2384 675 2442 amici
696 2382 790 2457 quieti
813 2382 998 2455 respondere.
1039 2381 1107 2438 Hae

135 2517 139 2529 ¹
239 2497 371 2568 ‘quaque
384 2487 416 2545 iu
430 2490 510 2542 tuam
524 2482 645 2557 gloriam
665 2483 760 2550 cedet,
780 2497 831 2538 eos
852 2481 890 2538 ad
913 2497 1025 2539 summa
1039 2497 1111 2537 vex·

186 2586 379 2667 55‘issequi
403 2587 434 2645 et
447 2582 564 2643 modica
588 2578 764 2639 tolerarent!
806 2579 856 2638 Ad
870 2597 944 2654 quae
965 2579 1047 2636 Nero
1067 2578 1113 2636 sic

240 2681 503 2758 termerespnndit:
519 2687 527 2714 ⁶
540 2680 624 2753 Quod
638 2680 794 2737 meditatae
805 2678 930 2737 orationi
938 2682 1005 2736 tuae
1014 2677 1114 2736 statim

242 2792 421 2853 ‘occurram
434 2783 465 2840 id
480 2780 602 2856 primum
615 2773 658 2836 tui
673 2778 799 2839 muneris
813 2779 919 2846 habeo,
932 2778 982 2853 qui
996 2792 1042 2835 me
1053 2794 1124 2836 non·

244 2890 377 2943 ‘tanturn
410 2881 554 2956 praevisa,
586 2879 638 2936 sed
671 2879 768 2936 subita
800 2877 938 2952 expedire
978 2877 1122 2935 docuisti·

246 2985 391 3046 ‘Abavus
415 2998 506 3046 meus,
530 2980 689 3053 Augustus,
718 2976 868 3051 Agrippae
888 2981 919 3033 et
943 2974 1117 3034 Maecenati

249 3091 403 3157 ‘usurpare
426 3081 518 3139 otium
544 3083 608 3153 post
635 3079 749 3134 labores
776 3074 942 3134 concessit:
961 3075 1059 3132 sedin
1079 3091 1117 3132 ea

249 3184 333 3258 ‘ipsa
346 3186 452 3247 aetate,
472 3178 554 3237 cuitu
568 3175 724 3237 auctoritas
744 3179 880 3244 tueretur,
893 3172 1030 3250 quidquid
1044 3174 1128 3232 illud·

256 3288 307 3340 ‘et
330 3284 538 3356 qualecumque
560 3275 723 3334 tribuisset:
744 3279 874 3333 attamen
898 3278 1031 3337 neutrum
1044 3273 1122 3331 datis

253 3386 336 3439 ‘ase
351 3378 485 3452 praemiis
500 3375 591 3434 exuit.
632 3375 719 3432 Bello
733 3377 763 3431 et
776 3372 914 3447 periculis
933 3377 1120 3431 meruerant:

254 3479 307 3536 ‘in
317 3478 362 3535 his
376 3478 454 3534 enim
468 3475 589 3534 iuventa
604 3472 730 3548 Augusti
746 3477 861 3529 versata
874 3476 929 3529 est.
969 3472 998 3528 N
1002 3485 1039 3528 ec
1049 3471 1124 3529 mihi

254 3579 336 3642 ‘tela
346 3582 376 3637 et
389 3592 490 3636 manus
504 3577 571 3633 tuae
583 3571 752 3643 defuissent,
764 3571 796 3643 in
809 3571 897 3630 armis
910 3569 1020 3649 agenti.
1061 3568 1123 3628 Sed
