2509 4292
113 422 139 468 a.
152 421 178 468 c.
193 426 230 471 ro.
331 420 397 469 ars.
414 422 452 470 n.
503 360 582 470 osi.
614 398 779 473 lta-21.
895 406 968 473 20⁷

109 570 245 631 ὤιῑίιαεγη
257 591 349 643 mum,
362 582 463 633 cretum
476 592 512 634 uc
524 574 673 634 mammen
687 579 849 646 ostendere,
861 578 887 635 si
906 597 970 637 cum

110 670 220 729 canona
245 671 377 740 Caecina,
387 673 547 750 putentrbus
575 675 692 753 canapo,
720 682 779 732 torn
797 692 906 752 paucas
928 694 970 734 cc-

112 767 192 828 bortca
210 769 444 851 cirmmfirdisset.
490 775 612 848 lamque
633 775 703 832 totis
723 776 826 832 castris
848 775 972 833 modesti

115 885 257 937 sermones,
271 878 313 938 et,
328 871 521 929 inserentibus
534 890 567 929 se
579 873 806 930 centurionibus
819 873 971 930 Tribunis·

114 984 170 1041 que,
183 970 290 1026 laudari
308 968 484 1045 procidentia
503 969 604 1035 Ducis,
624 969 855 1048 quodomnium,
868 969 971 1027 viriam

111 1072 134 1122 el
145 1084 220 1142 opum
233 1067 367 1135 calidum,
379 1067 467 1126 robur
476 1085 511 1125 uc
522 1067 613 1126 sedem
628 1068 700 1128 bello
723 1052 845 1146 legisset.
903 1072 971 1142 lpse

111 1171 245 1238 postremo
253 1167 413 1240 Spurinna,
426 1186 486 1225 non
497 1175 556 1225 tam
567 1171 683 1241 culpam
693 1173 971 1243 exprobrans‚quam

113 1265 215 1322 ralione
250 1269 422 1334 ostendens,
449 1267 558 1324 relictis
590 1268 828 1340 exploratoribus,
856 1274 969 1325 ceteros

111 1360 282 1422 Placentiam
303 1365 431 1432 reduxit,
451 1365 545 1423 minus
566 1366 695 1423 turbidos
715 1373 745 1422 el
759 1366 878 1438 imperia
892 1366 969 1424 acci·

113 1459 221 1532 pientes.
264 1464 392 1522 Solidati
407 1464 489 1529 muri,
503 1467 719 1538 propugnacula
732 1466 841 1535 addita,
864 1472 969 1522 auctas

114 1561 199 1629 turres,
213 1563 333 1635 provisa
345 1569 499 1636 parataque
510 1581 567 1620 nou
580 1580 657 1619 arma
670 1564 764 1628 modo,
777 1564 828 1619 sea
838 1562 968 1636 obsequi·

113 1673 153 1715 um
164 1665 191 1716 et
205 1662 328 1733 parendi
339 1680 421 1740 amor
432 1682 440 1730 3
459 1663 534 1738 quod
549 1664 642 1718 solum
655 1661 714 1717 illis
729 1661 855 1734 partibus
867 1661 968 1731 deluit,

113 1772 170 1813 cum
184 1759 296 1819 virtutis
312 1762 389 1818 haud
405 1763 575 1833 poeniteret.
618 1762 660 1817 Al
679 1759 818 1827 Caecina,
833 1762 913 1818 velut
926 1778 968 1818 re·
978 1752 1021 1810 2⁰

113 1853 174 1912 licta
186 1868 248 1931 post
266 1863 361 1933 Alpes
374 1860 499 1917 saevitia
513 1876 551 1916 ac
565 1859 694 1925 licentia,
707 1860 839 1919 modesto
852 1859 968 1936 agmins

113 1968 157 2024 per
165 1956 276 2019 ltaliam
286 1957 419 2014 incessit.
461 1955 602 2011 Ornatam
613 1953 702 2026 ipsius
715 1952 872 2025 municipia
881 1958 911 2009 et
922 1968 969 2009 co·
989 1968 996 1979 ·

111 2051 198 2112 ioniae
207 2052 238 2111 in
248 2039 414 2131 superbiam
426 2054 597 2109 trahebant:
612 2053 687 2124 quod
703 2051 877 2108 versicolore
888 2068 970 2125 sagu-

114 2151 148 2213 lo.
160 2154 592 2217 ammusmenbarbarum
608 2150 868 2221 salutassemus
892 2150 969 2203 sam

115 2224 263 2314 queretur(
293 2243 429 2299 onrem
449 2259 561 2317 quoque
581 2239 653 2305 eius.
675 2240 853 2308 Saloninam,
874 2259 968 2315 quam·

116 2356 189 2413 qoam
211 2341 240 2397 in
265 2340 374 2398 nullius
397 2341 532 2398 iniuriam
556 2339 666 2413 insigni
682 2354 757 2412 equo
771 2345 905 2413 ostroque
920 2359 968 2398 ve·

115 2435 225 2507 inetur,
238 2447 387 2514 tamquam
402 2440 473 2496 laesi
495 2441 709 2512 gravabantur:
731 2436 819 2494 insita
844 2438 968 2496 mortali·

116 2534 159 2591 bus
171 2544 278 2605 natura,
294 2518 443 2595 recentem
463 2538 585 2594 aliorum
599 2536 770 2594 felicitatem
791 2536 884 2611 aegris
902 2554 969 2595 ocu-

115 2631 145 2689 lis
164 2634 361 2708 introspicere,
385 2637 556 2709 mustumque
571 2635 701 2692 lorlunae
724 2635 851 2692 ancilis
876 2637 967 2710 magis

115 2733 229 2809 exigere,
263 2753 350 2810 quam
383 2752 453 2809 quos
480 2734 512 2791 iu
540 2752 633 2809 aequo
661 2733 771 2792 videre.
827 2735 967 2804 Caecina,

116 2827 214 2895 Padum
235 2842 437 2906 transgressus,
458 2837 570 2889 tentata
591 2833 821 2890 Othonianorum
837 2818 897 2891 'fils
918 2851 969 2906 per

117 2935 288 3006 conloquium
316 2939 345 2989 et
374 2931 521 3004 promissa,
547 2930 651 2989 iisdem
676 2932 790 3006 petitus,
818 2940 969 3007 postquam

118 3042 166 3098 pus
184 3040 212 3089 et
231 3031 388 3090 eoncordia
408 3029 547 3101 speciosis
567 3038 597 3086 el
611 3029 706 3086 inritis
727 3028 889 3087 nominibus
910 3028 968 3084 iac·
1020 3035 1024 3042 '

118 3110 263 3196 tarisum,
288 3130 410 3187 consilia
434 3145 573 3201 curasque
597 3128 628 3184 in
644 3127 889 3202 oppugnationem
902 3124 968 3182 Pla·

118 3228 220 3287 reatiae
235 3247 340 3304 magno
353 3234 461 3285 terrore
476 3227 584 3282 vertit=
605 3241 721 3296 guarus,
742 3230 772 3279 ul
792 3222 877 3279 inilia
898 3223 968 3280 belli

119 3328 316 3398 provenissent,
330 3327 436 3385 lamam
462 3326 494 3383 iu
520 3330 619 3382 cetera
648 3322 718 3377 lore.
774 3321 833 3377 Sed
860 3320 1016 3394 primus21

140 3498 206 3546 nnc
214 3502 342 3548 mortalibus
350 3506 441 3549 nutura.
453 3500 504 3559 etc]
534 3498 596 3544 Vere
610 3495 647 3542 bic
657 3492 745 3541 morbus
754 3492 776 3539 in
786 3494 866 3540 nostris
875 3486 966 3540 animis:
1046 3496 1050 3503 '

118 3566 152 3600 ll«
164 3562 251 3607 nescivit
268 3559 374 3629 bomilius
393 3559 484 3630 l'robus,
501 3557 548 3629 sive
563 3557 652 3627 'Nepon
669 3552 807 3624 inncthaltrria
821 3557 842 3600 3.
876 3552 972 3624 brillac

119 3620 322 3729 mmm?
336 3624 419 3735 agust,
444 3631 532 3677 nugas
550 3617 668 3676 lslnnpus
685 3612 817 3674 onum,
835 3618 863 3664 st
879 3611 971 3665 raum
1003 3647 1007 3653 .
