2509 4292
311 358 359 426 60
626 372 813 422 amaena
1033 375 1175 427 auem

308 534 399 599 ‘utun
428 527 545 603 Syriam
571 527 768 595 repetitumm.
821 527 873 584 Sic
900 542 1014 603 quoque
1038 531 1172 603 optimam

309 630 469 686 ‘fortunam
481 627 628 690 orandam,
644 634 674 681 ul
690 627 788 695 pedes,
800 628 954 684 conlectus
968 628 1071 700 spatiis
1094 630 1173 685 itine-

309 732 399 792 ‘rum,
411 731 537 784 alacrem
552 732 581 782 et
595 724 736 781 facilitate
747 742 913 794 camporum
938 726 1171 798 praevenientem

309 826 451 901 ‘equitem
482 821 705 897 adsequeretur?
767 824 844 881 lisia
879 825 987 882 Paetus
1024 843 1074 895 per
1102 825 1169 896 Gap·

307 924 459 997 padociam
485 922 661 978 hibernavit.
717 923 760 978 At
785 922 942 993 Vologesis
975 925 1014 978 ad
1042 924 1171 979 Corbulo

308 1040 376 1081 nem
391 1021 470 1079 mirsi
484 1019 589 1087 nuntii,
602 1021 784 1076 ‘detraheret
798 1023 922 1076 castella
943 1029 1025 1077 trans
1052 1022 1171 1091 Euphra·

312 1127 393 1186 ‘lem
420 1136 601 1192 amnemque,
626 1127 658 1174 ul
686 1119 765 1181 olim,
794 1118 920 1174 medium
936 1117 1102 1175 ·leceret:‘'
1117 1118 1171 1183 ille,

308 1219 500 1277 ‘Armeniam
513 1235 624 1292 quoque
646 1217 769 1274 diversis
792 1217 945 1288 praesidiis
961 1234 1084 1273 vacuam
1096 1212 1171 1280 lieri,’

308 1318 522 1389 expostulabat.
563 1317 602 1373 Et
631 1321 775 1386 postremo
796 1316 943 1372 concessit
969 1317 1054 1373 Rex:
1075 1315 1171 1371 diruta·

308 1433 372 1490 que,
387 1432 460 1489 quae
474 1417 549 1472 ultra
569 1414 736 1486 Euphraten
762 1414 973 1471 communierat
1000 1415 1130 1477 Corbulo,
1141 1414 1170 1467 et

258 1498 444 1571 ¹8Armenii
469 1514 532 1570 sina
556 1513 664 1568 arbitro
688 1511 783 1568 relicti
805 1520 881 1569 sunt.
926 1515 968 1569 Ar
993 1515 1101 1569 nanae
1122 1516 1170 1566 lro

307 1630 381 1686 paea
405 1613 442 1668 de
471 1610 584 1683 Parthis
601 1628 742 1683 arcusque
767 1612 864 1667 medio
891 1612 1046 1681 capitolini
1073 1606 1168 1666 montis

307 1710 622 1775 sistebanlur,decrela
650 1713 688 1765 ab
714 1711 835 1771 Senatu,
854 1710 970 1781 integro
998 1711 1091 1765 adbuc
1117 1706 1169 1762 bel·

307 1808 346 1871 lo,
370 1824 463 1879 neque
491 1816 550 1862 tum
583 1807 700 1871 ombsa,
735 1810 804 1863 dum
828 1809 982 1876 adspectui
1010 1806 1168 1869 consulitur,

307 1910 401 1978 spreta
435 1904 631 1962 conscientie.
698 1905 775 1976 Quin
812 1911 851 1969 et,
884 1905 1100 1962 dissimulandis
1131 1918 1168 1957 re·

307 2021 370 2061 rum
392 2011 574 2060 externarum
597 2005 684 2069 curis,
701 2006 780 2060 Nero
805 2004 980 2060 frumentum
1005 2004 1167 2076 plebisve·

307 2106 413 2160 testate
440 2110 621 2174 coemptum.
654 2104 683 2158 in
711 2102 848 2159 Tiberim,
861 2103 948 2173 jecit,
976 2121 1033 2177 quo
1066 2097 1164 2157 securi-

308 2206 397 2259 talem
425 2220 559 2262 annonae
580 2207 752 2259 ostentaret.
773 2201 859 2257 cuius
882 2201 976 2272 parelio
1003 2201 1075 2259 nihil
1097 2195 1167 2255 addi·

265 2318 273 2328 ·
307 2305 368 2357 tum
391 2308 445 2363 est,
471 2301 605 2374 quemvis
633 2302 774 2356 ducentas
798 2300 893 2356 lernae
913 2319 1016 2364 neves,
1041 2307 1118 2372 portu
1139 2296 1166 2350 iu

305 2398 378 2470 ipso.
395 2398 534 2453 violentie
559 2396 752 2468 tempestatis,
772 2405 801 2452 et
825 2407 944 2456 centum
965 2401 1050 2462 alias,
1071 2390 1166 2453 Tiberi

305 2498 473 2552 subvectas.
498 2495 629 2551 fortuitus
654 2496 731 2568 iguis
750 2498 966 2568 absumpsisset.
1011 2496 1079 2553 Tris
1102 2490 1166 2548 dein

305 2593 490 2657 Consulares,
525 2594 559 2649 L.
596 2594 742 2660 Pisonem,
777 2597 965 2654 Ducenniam
1008 2595 1164 2655 Geminum,

305 2693 476 2762 Pompeium
501 2694 667 2751 Paullinum
695 2696 888 2769 vectigalibus
911 2697 1035 2767 publicis
1059 2706 1165 2767 praepo·

305 2792 370 2851 suit,
385 2808 451 2848 cum
467 2794 661 2850 insectatione
677 2795 801 2864 priorum
827 2796 1005 2867 Principum,
1031 2793 1098 2868 ‘qui
1111 2804 1166 2866 gru·

305 2889 417 2946 ‘vitate
435 2896 601 2961 'sumptuum
627 2892 717 2948 iustos
740 2895 846 2951 reditus
872 2895 1052 2951 anteissent:
1072 2908 1102 2948 se
1121 2903 1165 2943 un·

191 3024 194 3027 ·
305 2995 412 3047 ‘nuum
426 2992 592 3046 sexcenties
606 2992 771 3048 sestertium
786 2993 922 3064 Reipubl.
943 2988 1057 3064 largiri?

255 3091 294 3148 19
347 3090 553 3146 Percrebuerat
566 3106 602 3144 ea
625 3095 798 3159 tempestate
813 3091 1000 3162 pravissimus
1015 3105 1084 3153 mos,
1104 3096 1164 3142 eum

306 3187 471 3261 propinquis
498 3187 636 3250 comitiis,
671 3194 720 3243 aut
747 3195 823 3245 sorte
860 3189 1082 3260 pirovinciarum,
1113 3183 1165 3254 ple·

306 3287 386 3359 rique
425 3285 487 3341 orbi
527 3285 602 3341 lictis
642 3286 844 3356 adoptionibus
878 3288 1056 3344 adscieerenl
1088 3281 1164 3343 filius,

306 3390 508 3457 praeturasque
522 3389 551 3438 et
568 3382 733 3453 prouincias
749 3386 824 3440 inter
842 3392 936 3456 patres
958 3386 1061 3445 sortiti,
1075 3378 1164 3438 statim

307 3481 473 3537 emitterent
499 3497 596 3547 manu,
624 3499 693 3553 quus
719 3484 940 3555 adoptaverant.
983 3484 1051 3554 Qui,
1069 3478 1163 3549 magud

306 3593 373 3634 cum
396 3577 510 3635 insidia
534 3580 674 3635 Senatum
688 3580 808 3647 adeunt,
832 3582 898 3637 ‘ius
913 3589 1040 3649 naturae,
1060 3580 1163 3636 laboret
