2509 4292
287 305 359 375 390
581 312 833 371 marosrsaru
1012 318 1042 365 s.
1057 317 1089 364 v.
1103 319 1161 366 ass.
1229 282 1230 371 l

283 476 413 553 adgressi
433 479 519 535 sunt:
553 476 699 549 maiorque
714 490 788 547 ‘pass
809 472 930 530 navium
951 472 1091 544 depressa
1107 473 1161 526 aut

285 586 382 651 sapsa.
423 579 463 636 ut
491 578 667 635 Nerviorum
690 575 919 640 multitudinem,
953 579 1056 646 sponte
1077 588 1161 627 com·
1229 560 1230 565 ἵ

286 684 404 743 motans,
424 681 456 734 ut
487 692 538 750 pro
569 674 708 732 Romanis
728 676 838 730 bellum
867 677 1047 746 capesseret,
1066 670 1159 726 iidem

287 774 478 835 (isninelates
512 776 619 831 ludere.
679 769 829 830 Classicus
861 790 975 845 quoque
1018 771 1161 827 adversus
1229 752 1230 765 ¹

287 875 410 949 equites,
432 873 593 930 Novesium
617 889 635 927 a
659 871 776 929 Ocriale
790 871 971 943 praemissos,
993 870 1159 925 secundum

288 974 428 1046 proelium
461 970 541 1027 lecit.
571 988 646 1044 quae
679 969 803 1036 modica,
826 971 877 1025 aed
907 970 1022 1036 crebra,
1043 969 1160 1035 damna,

237 1073 392 1136 autumans
414 1068 566 1134 alatoriae,
586 1085 676 1140 nuper
691 1076 800 1140 partae,
825 1069 1004 1124 lacerabant.
1048 1066 1161 1123 lisdem

286 1169 388 1227 diebus
411 1167 566 1224 Mucianus
580 1166 699 1223 Vitellii
713 1166 803 1223 lilium
817 1164 942 1223 interli'cl
956 1165 1059 1220 iubet:
1081 1181 1161 1219 nran-

287 1282 381 1324 sarsm
406 1265 584 1322 discordiam
615 1266 787 1330 obtendens,
822 1264 852 1320 nl
872 1263 984 1318 semina
1007 1263 1081 1318 belli
1103 1281 1160 1318 res·

287 1363 435 1421 tinuissm.
486 1364 591 1437 Neque
614 1364 776 1420 Antonium
798 1363 925 1420 Primum
946 1361 1056 1417 adsciri
1080 1362 1158 1417 inter

286 1463 410 1521 comites
440 1481 458 1522 s
489 1463 661 1521 Domitiano
691 1481 790 1534 passus
811 1469 876 1519 est:
905 1461 1007 1517 lavore
1029 1461 1161 1518 militum

288 1564 403 1630 auxius,
436 1568 467 1619 et
494 1562 628 1636 superbia
657 1562 723 1626 viri,
742 1562 905 1636 aequalium
936 1578 1064 1634 quoque,
1085 1561 1161 1615 adeo

289 1661 476 1735 superlatum,
489 1660 680 1718 intolerantia.
721 1660 873 1717 Proiectus
886 1661 922 1716 ud
937 1657 1161 1731 Vespasianum

292 1759 448 1825 Antonius,
478 1763 509 1816 ui
538 1774 596 1816 non
629 1776 681 1831 pro
709 1778 761 1832 spe
789 1770 841 1816 stra
860 1758 1019 1831 excipitur,
1046 1757 1090 1814 ita
1111 1775 1164 1814 ne·
1229 1776 1230 1829 t

290 1872 464 1931 qnesserso
490 1856 677 1929 Imperatoris
701 1858 808 1914 animo.
851 1859 1040 1914 Trahebatur
1060 1857 1092 1912 in
1118 1856 1162 1912 di·

289 1970 392 2012 versat
413 1955 483 2013 binc
497 1955 607 2013 meritis
630 1955 764 2023 Antonii,
783 1955 865 2012 cuius
878 1957 966 2013 ductu
987 1956 1161 2012 conlectum
1229 1948 1230 1963 ¹

289 2052 367 2111 baud
379 2053 467 2111 dubia
480 2055 588 2111 bellum
611 2060 683 2121 erat,
702 2054 772 2121 inde
787 2054 919 2111 Muciani
946 2052 1100 2126 epistolis:
1122 2054 1162 2109 si·

288 2155 348 2210 mul
361 2152 463 2220 ceteri,
482 2157 514 2209 ut
533 2151 686 2209 ‘intestam
701 2150 905 2226 tumidumque'
922 2150 1158 2218 insectabantur,

289 2250 436 2308 adiunctis
463 2249 565 2323 prioris
586 2250 667 2307 vitae
693 2250 872 2307 criminibus.
907 2267 1002 2323 neque
1024 2249 1089 2322 ipse
1113 2250 1162 2304 de·

289 2352 362 2416 aral,
381 2348 551 2423 adrogantia
578 2364 685 2405 vocare
699 2349 835 2412 offensas,
856 2346 962 2404 nimius
982 2360 1161 2405 commemo

290 2447 401 2514 randis,
418 2462 493 2522 quae
506 2446 667 2505 meruisset.
689 2445 816 2512 ‘Alios’
836 2452 867 2503 ul
881 2454 889 2480 ⁴
901 2447 1037 2513 inbelles,
1054 2445 1160 2503 Caeci·

290 2544 396 2615 ‘nam’
410 2551 441 2602 ut
461 2545 634 2619 ‘captivum
649 2562 684 2603 ac
700 2543 888 2610 dediticium,'
908 2545 1051 2616 increpat.
1095 2544 1159 2602 Vn·

289 2644 327 2699 da
348 2644 500 2715 paullatim
524 2644 619 2701 levior
643 2645 786 2720 viliorque
813 2645 923 2712 haberi,
953 2650 1092 2702 manente
1118 2651 1159 2701 ta-

236 2760 275 2818 31
289 2755 356 2797 utcu
375 2739 408 2796 in
422 2741 550 2812 speciem
566 2722 716 2800 -esnicltia
755 2744 813 2800 Per
832 2744 882 2799 eol
902 2760 1028 2810 menses,
1051 2743 1158 2816 quibua

289 2838 489 2912 Vespasianus
503 2822 704 2898 Alexsriuriae
718 2846 808 2898 statos
822 2841 944 2898 aestivis
957 2841 1074 2898 datibus
1087 2840 1162 2908 dies,

291 2942 321 2996 el
334 2944 415 2995 certa
433 2938 519 2995 maris
533 2939 746 3011 opperiebatur,
770 2943 860 2998 multa
886 2940 1027 2996 miracula
1053 2959 1162 2998 evene·

292 3055 332 3105 re,
345 3036 408 3111 quis
421 3038 498 3094 coeli
518 3037 599 3095 lavor
612 3044 644 3094 et
667 3040 807 3113 quaedam
831 3038 863 3100 iu
883 3038 1102 3111 Vespasianum
1119 3041 1160 3097 iu·

292 3134 414 3203 cliualio
437 3136 598 3194 Numinum
624 3138 834 3194 ostenderetur.
882 3136 930 3195 Ex
950 3138 1039 3211 plebe
1066 3140 1162 3199 Alex·

322 3310 397 3359 Musa
407 3311 527 3372 miraculo]
558 3310 616 3358 Cum
631 3311 662 3357 de
676 3310 710 3357 bis
725 3310 859 3372 Vespasiani
875 3311 987 3358 miraesslis
996 3311 1069 3372 panio
1079 3312 1167 3373 lmine

292 3370 322 3415 sit
332 3375 356 3414 ut
367 3369 402 3414 hio
417 3368 555 3422 disseramus,
571 3370 631 3416 Vide
647 3369 831 3417 Dissertationem
847 3370 1001 3416 Broterianaus
1013 3373 1044 3417 ad
1055 3371 1131 3417 Notas
1140 3378 1164 3418 et

292 3427 473 3483 Emendationes,
489 3427 540 3474 ‘Da
547 3428 668 3476 dilamulis
680 3428 836 3485 Vespasiaaia’
864 3429 1040 3476 Consuleetism
1051 3430 1163 3488 Padusam

292 3486 412 3556 erddllqm,
420 3486 499 3546 (und.
512 3486 599 3556 cantu,
607 3502 645 3549 Pu·
654 3489 775 3536 2⁰⁰·uus.
784 3489 828 3536 m
838 3486 921 3537 &aas
928 3489 946 3546 ι)
957 3489 996 3551 qui
1004 3496 1163 3550 mlum

293 3557 375 3590 usmro
383 3559 424 3592 suo
432 3558 494 3591 ruore
504 3549 620 3597 traetevrt,
