2509 4292
262 336 313 407 nit
616 351 802 401 suasuram
992 355 1022 402 u.
1039 353 1070 402 v.
1084 355 1140 405 sn.

262 522 366 569 mucre
378 505 625 582 csptlrosdolers
645 523 711 564 aras
733 512 764 564 et
777 505 927 564 bominum
941 506 1142 565 libriseenss*

261 600 327 668 iere
354 608 446 671 Deos,
472 606 515 664 las
543 606 699 663 habebant.
742 607 826 669 Haeo
853 606 954 680 agenti
983 607 1142 675 Suetonio,

213 700 251 760 31
264 702 528 783 repentisudpbetr'e
534 701 695 780 provinciae
706 704 869 762 nuntiatur·
906 705 972 762 Rex
983 706 1144 763 Icenorum

262 806 450 878 l’rasutagus,
465 805 551 877 longa
577 805 727 876 opulentia
738 806 845 870 clarus,
865 804 1024 862 canerem
1038 804 1142 860 baere-

263 907 342 965 dem,
364 904 491 976 duasque
517 901 592 959 tillus
615 903 780 975 scripserat,
801 902 854 958 tali
873 903 1022 976 obsequio,
1047 907 1138 969 ratus,

263 1004 458 1077 {leganumque
482 1007 513 1057 et
538 1002 656 1058 mnium
680 1018 762 1058 susm
791 1003 890 1071 procul
918 1000 1024 1057 iniuria
1052 1001 1139 1056 tore:

266 1103 342 1177 quod
356 1100 457 1158 cdntm'
478 1100 587 1157 uertit:
608 1100 691 1165 adeo,
705 1106 736 1156 ut
762 1098 896 1172 Regnum
915 1116 966 1170 per
985 1096 1142 1154 Centurio-

262 1216 329 1264 nes,
342 1200 443 1257 domas
459 1214 509 1272 per
519 1214 628 1264 serres,
644 1200 725 1254 velut
739 1203 826 1270 capta
840 1202 1032 1280 vastarentur.
1073 1197 1142 1254 lana

263 1299 390 1372 primurn
404 1315 483 1354 uxor
506 1298 578 1361 cim,
593 1296 751 1362 Boadicea,
773 1295 941 1353 verberibus
960 1295 1087 1362 adlecta,
1108 1299 1142 1351 et

266 1396 345 1455 tiliae
364 1401 464 1469 stupro
491 1397 618 1453 vlolstae
642 1401 718 1452 sant.
761 1393 916 1467 Praecipui
943 1394 1049 1468 quique
1073 1394 1142 1450 loe·

263 1495 474 1569 borum-qussi
488 1501 627 1552 cunctum
646 1494 796 1567 regionem
809 1493 922 1549 muneri
942 1492 1144 1565 accepissent,

266 1593 357 1650 evitis
370 1593 454 1651 bonis
467 1599 620 1660 exuuntur,
634 1598 665 1648 et
689 1590 840 1665 propinqui
851 1588 950 1665 'Regis
969 1594 1046 1648 inter
1061 1608 1144 1648 mun·

268 1690 347 1763 cipis
361 1692 547 1748 habebantur.
589 1691 655 1762 Qua
679 1689 910 1756 contumelium
932 1688 1144 1762 metugravic·

268 1802 330 1845 rum
343 1784 471 1864 (quondo
483 1788 514 1843 in
529 1788 649 1846 formam
664 1788 834 1860 provinciae
845 1784 1012 1862 censerent)
1024 1775 1143 1858 rapiunt

153 1937 157 1945 Α
266 1900 358 1952 arma,
370 1887 524 1943 commutis
538 1887 575 1943 nd
596 1887 817 1945 rebellationem
839 1885 1081 1951 Trinobantibus,
1100 1889 1143 1955 et,

270 1984 320 2062 qui
333 1985 384 2042 alii
397 1986 525 2042 nondum
545 1983 667 2042 servitio
688 1984 782 2051 tracti,
805 2001 950 2041 resumere
974 1985 1143 2042 libertatem

270 2086 396 2144 occultis
428 2083 678 2142 coniurationibus
712 2084 903 2157 pepigerant5
936 2081 1080 2139 acerrimo
1110 2081 1143 2140 iu

272 2191 425 2242 veteranus
452 2184 529 2241 odio.
551 2182 657 2258 quippe
677 2182 708 2239 in
733 2181 879 2239 coloniam
907 2181 1143 2239 Camulodunum

272 2300 376 2341 recens
388 2283 517 2349 deducti,
531 2283 679 2355 pellebant
698 2281 840 2347 domibus,
852 2282 1045 2338 exturbabant
1064 2279 1144 2354 agris

267 2379 403 2457 captiuos,
429 2395 522 2435 seruos
536 2380 726 2451 adpellando:
747 2378 914 2437 lovennam
943 2378 1142 2464 inpotentiam

275 2484 478 2535 veteranorum
491 2476 640 2538 militibus,
654 2471 844 2534 similitudine
861 2478 949 2546 vitae,
960 2485 991 2535 et
1003 2496 1056 2552 spe
1068 2478 1145 2536 eius·

274 2577 342 2633 dem
362 2574 509 2631 licentiae.
553 2574 601 2631 Ad
615 2575 690 2632 haec
702 2577 852 2647 templum,
874 2577 913 2632 D.
936 2577 1062 2636 Claudio
1074 2594 1145 2635 corr·

274 2673 416 2741 stitutum,
438 2673 519 2746 quasi
543 2689 595 2730 arx
609 2679 744 2730 aeternae
772 2674 979 2732 dominationis
1000 2675 1146 2748 adspicis·

275 2775 377 2840 batur;
413 2771 577 2845 delectique
618 2772 802 2838 Sacerdotes,
842 2772 941 2845 specie
982 2773 1144 2847 religionis,

274 2889 375 2929 omnes
395 2871 522 2927 furtunae
549 2869 746 2928 effundebant.
789 2871 855 2928 Nec
881 2873 1001 2930 arduum
1023 2875 1144 2933 videba-

275 2974 329 3036 tur,
343 2969 516 3027 exscindere
530 2970 686 3031 coloniam,
700 2969 789 3026 nullis
803 2970 992 3028 munimentis
1005 2980 1121 3044 septam
1136 2993 1144 3029 :

275 3072 350 3146 quod
380 3066 517 3128 Ducibus
547 3068 654 3125 nostris
684 3086 784 3141 parum
812 3069 962 3140 provisum
983 3075 1055 3138 erat,
1075 3073 1146 3129 dum

222 3155 265 3216 32
276 3169 447 3228 amoenitati
468 3167 554 3241 prius,
575 3184 660 3241 quam
675 3167 737 3223 usui
751 3168 922 3225 consulitur.
966 3170 1050 3226 luter
1063 3186 1148 3246 quse,

306 3325 393 3372 Oratore
403 3322 486 3381 mpliue
503 3321 590 3367 adolere
604 3321 665 3380 urus]
697 3320 732 3367 De
747 3319 789 3366 bac
799 3320 920 3375 Britannis,
935 3320 1016 3375 Gallis,
1027 3323 1148 3374 Germanis

275 3384 386 3498 {pippinum
405 3380 551 3437 humanitate,
568 3381 643 3427 dicam
660 3381 689 3426 ad
709 3379 810 3425 libellum
830 3380 983 3441 Demoribus
1000 3381 1146 3433 Germaniae.

305 3519 432 3579 Icasomm]
464 3517 500 3564 De
511 3516 672 3566 lcenisdictum
683 3517 763 3565 Annsl.
774 3517 828 3564 xil.
840 3520 877 3564 31,

307 3596 495 3658 Trinobantibus]
536 3595 693 3644 Trinobantes.
733 3594 800 3642 Nunc
823 3596 888 3642 Com.
909 3595 1043 3657 utrumn,
1067 3599 1147 3648 Essem
