2509 4292
110 361 239 409 nort.
336 362 406 410 nte.
432 362 479 413 iv.
528 366 606 414 car.
633 345 691 416 83.
719 350 777 418 84.
903 352 974 423 393
1044 392 1050 405 =

106 511 215 570 ‘simui
229 510 325 571 visum
339 517 472 576 eumdem
484 518 625 579 invenem
639 522 670 578 in
693 526 810 581 coelum
823 524 892 599 igne
916 531 990 601 plu·¹

108 611 207 669 ‘rimo
226 612 350 670 adtolli!
390 615 584 683 Ptolemaeus,
605 612 703 678 omine
715 628 747 678 et
775 625 914 681 miraculo
926 645 977 684 en·

93 710 197 774 'eitun
218 711 426 770 Secerdotibus
441 719 663 790 Aegyptiorum,
691 721 793 793 quibus
820 736 882 779 mos
907 725 977 782 talin

109 806 284 884 intelligere,
322 820 477 871 nocturnos
506 818 586 874 visus
619 820 723 890 aperite
785 825 883 895 Atque
906 820 975 890 illis,

110 908 203 970 ronti
230 923 260 973 et
294 920 479 972 externorum
506 932 606 988 perum
634 921 741 991 gnaris,
774 919 975 990 Timotheum,

111 1011 337 1079 Atheniensem,
370 1031 387 1069 e
421 1021 509 1086 geute
536 1014 782 1086 Eumolpidarum,
815 1036 911 1092 quem,
942 1025 976 1077 ut

107 1112 271 1169 antistitem
284 1112 534 1176 caerimoniarum,
546 1113 688 1171 Eleusine
696 1117 858 1183 exciverat,
872 1124 975 1192 ‘quae-

69 1266 73 1279 ,
106 1214 200 1266 ‘nem
227 1211 280 1267 iila
316 1209 492 1282 superstitio,
519 1212 595 1285 quod
626 1211 773 1271 Numeni’
803 1215 972 1288 interroget.

107 1306 295 1376 Timotheus,
328 1308 477 1382 quaesitis,
510 1309 560 1383 qui
593 1309 625 1366 in
654 1311 780 1369 Pontum
817 1319 973 1381 creassent,

104 1406 270 1478 cognoscit,
290 1408 390 1463 urbem
403 1405 467 1464 illic
493 1407 634 1480 Sinopen,
649 1426 705 1465 nec
719 1413 818 1482 procul
834 1415 973 1485 templum

105 1510 209 1563 vetere
238 1506 315 1562 inter
340 1506 458 1561 adcolas
478 1505 565 1571 lama,
597 1507 679 1563 lovis
708 1507 796 1564 Ditis.
836 1510 972 1584 Namque

106 1609 136 1662 el
148 1606 320 1662 muliebrem
334 1604 459 1678 effigiem
470 1604 620 1670 adsistere,
640 1621 727 1677 quam
747 1607 876 1680 plerique
904 1608 972 1665 Pro-

105 1704 254 1776 serpinam
268 1708 386 1761 vocent.
427 1704 486 1760 Sed
502 1704 696 1771 Ptolemaeus,
718 1712 747 1761 ut
760 1711 829 1762 sunt
851 1706 971 1778 ingenie

105 1802 231 1876 Regum,
250 1819 355 1875 pronun
382 1788 419 1858 od
440 1801 633 1865 formidinem,
653 1804 702 1859 ubi
722 1804 862 1860 securitas
876 1804 970 1868 rediit,

101 1902 289 1972 voluptatum
312 1917 399 1975 quam
425 1899 597 1972 religionum
631 1901 781 1974 adpetens,
821 1902 970 1976 negligere

100 1999 256 2073 paullatim
270 1998 399 2071 aliasque
414 1998 451 2054 ad
477 2015 560 2055 cures
574 1999 703 2056 animum
721 2007 852 2056 vertere:
874 2002 968 2058 donec

100 2099 208 2156 eadem
232 2097 356 2170 speeies,
389 2096 545 2153 terribilior
569 2097 629 2154 iam
650 2101 680 2154 et
700 2097 863 2164 instantior,
890 2097 970 2155 ‘exi-

99 2196 198 2254 ⁸tium
218 2195 273 2268 ipsi
303 2192 471 2267 Regnoque’
490 2195 686 2261 denuntiaret,
705 2201 765 2252 ‘ne
784 2194 862 2251 iussa
875 2201 968 2266 patra·

99 2301 108 2329 ‘
120 2300 230 2352 rentur.
272 2293 351 2350 Tum
367 2295 477 2366 legatos
491 2298 520 2348 et
530 2293 607 2349 dona
620 2293 856 2367 Scydrothemidi
882 2293 967 2366 Regi,

98 2393 141 2470 (rs
156 2398 227 2448 tune
253 2392 463 2462 Sinopensibus
489 2389 688 2467 imperitabat)
714 2391 846 2464 expediri
867 2391 964 2448 iubet:

98 2490 301 2565 praecipitque
329 2488 518 2563 navigeturis,
550 2493 599 2545 ‘ut
627 2489 767 2561 Pythium
796 2490 966 2563 Apollinem

100 2586 252 2647 ‘ederint’
273 2589 356 2645 'illis
377 2602 455 2644 mere
469 2588 650 2644 secuudum:
671 2603 733 2645 sors
752 2589 862 2646 brunuli
889 2590 966 2647 baud

93 2689 248 2761 ambigua:
262 2687 364 2752 ‘irent
374 2686 615 2760 simulacrumque
627 2686 717 2759 petris
727 2686 966 2757 suirevebereut,

98 2786 230 2846 ‘sororis
266 2783 483 2859 relinquerent?
537 2784 581 2841 Vt
608 2786 739 2859 Sinopen
769 2804 887 2855 venere,
906 2806 963 2845 mu·
976 2789 1017 2858 84

98 2903 181 2952 nem,
214 2902 325 2958 preces,
363 2884 500 2942 mandata
528 2883 619 2959 Regis
647 2885 691 2942 sui
726 2886 964 2958 Scydrothemidi

98 2987 251 3058 adlegant.
291 2983 350 3055 Qui
370 2999 470 3040 versus
489 2982 589 3049 enimi,
610 2983 697 3039 modo
716 2982 835 3039 Numen
860 3001 962 3055 percs-

96 3100 177 3149 cere‚
225 3082 311 3139 modo
350 3081 437 3139 minis
481 3060 664 3138 adversantis
707 3079 806 3151 popuii
842 3083 962 3139 terreri:

95 3197 204 3254 saepe.
224 3179 309 3236 donis
342 3179 545 3254 promissisque
591 3180 750 3252 legatorum
784 3160 961 3237 dectebctur.
1011 3189 1014 3193 '

98 3281 201 3353 Atque
237 3278 355 3336 iuterim
386 3277 512 3335 triennio
538 3281 655 3345 exacto,
690 3276 875 3335 Ptolemaeus
902 3295 961 3337 non
1058 3293 1060 3297 ·

96 3376 235 3444 studium,
255 3394 314 3433 non
335 3393 445 3451 preces,
475 3376 618 3433 omittere.
672 3374 857 3449 Dignitatem
884 3378 960 3451 lega·

95 3480 201 3542 torum,
235 3492 384 3532 numerum
402 3474 542 3539 ‘narium
576 3473 639 3531 euri
674 3474 785 3546 pondus
825 3477 958 3548 emebat.

95 3574 177 3632 Tum
214 3574 316 3634 minax
351 3574 443 3633 iacies
483 3572 721 3648 Scydrothemidi
741 3572 865 3642 offertur,
898 3577 959 3635 ‘ne

132 3689 205 3731 von.
226 3690 262 3729 ιι.
538 3674 577 3728 at
