<?xml version="1.0" encoding="UTF-8"?>
<!DOCTYPE html PUBLIC "-//W3C//DTD XHTML 1.0 Transitional//EN"
    "http://www.w3.org/TR/xhtml1/DTD/xhtml1-transitional.dtd">
<html xmlns="http://www.w3.org/1999/xhtml" xml:lang="en" lang="en">
 <head>
  <title>
</title>
<meta http-equiv="Content-Type" content="text/html;charset=utf-8" />
  <meta name='ocr-system' content='tesseract 3.04.00' />
  <meta name='ocr-capabilities' content='ocr_page ocr_carea ocr_par ocr_line ocrx_word'/>
</head>
<body>
  <div class='ocr_page' id='page_1' title='image "./ccorneliitaciti03brotgoog_0046.png"; bbox 0 0 2509 4292; ppageno 0'>
   <div class='ocr_carea' id='block_1_1' title="bbox 267 334 1148 417">
    <p class='ocr_par' dir='ltr' id='par_1_1' title="bbox 267 334 1148 417">
     <span class='ocr_line' id='line_1_1' title="bbox 267 334 1148 417; baseline -0.007 -17"><span class='ocrx_word' id='word_1_1' title='bbox 267 334 314 400; x_wconf 80' lang='lat'><strong>34</strong></span> <span class='ocrx_word' id='word_1_2' title='bbox 588 348 774 409; x_wconf 71' lang='lat' dir='ltr'><strong>annania</strong></span> <span class='ocrx_word' id='word_1_3' title='bbox 943 414 947 417; x_wconf 16' lang='grc' dir='ltr'>Π</span> <span class='ocrx_word' id='word_1_4' title='bbox 990 349 1021 399; x_wconf 76' lang='lat' dir='ltr'><strong>a.</strong></span> <span class='ocrx_word' id='word_1_5' title='bbox 1035 347 1067 394; x_wconf 86' lang='lat' dir='ltr'><strong>v.</strong></span> <span class='ocrx_word' id='word_1_6' title='bbox 1086 348 1148 396; x_wconf 77' lang='lat' dir='ltr'><strong>aaa</strong></span> 
     </span>
    </p>
   </div>
   <div class='ocr_carea' id='block_1_2' title="bbox 162 500 1149 3147">
    <p class='ocr_par' dir='ltr' id='par_1_2' title="bbox 250 500 1149 1069">
     <span class='ocr_line' id='line_1_2' title="bbox 267 500 1145 576; baseline -0.008 -13"><span class='ocrx_word' id='word_1_7' title='bbox 267 505 303 563; x_wconf 82' lang='lat' dir='ltr'><strong>L.</strong></span> <span class='ocrx_word' id='word_1_8' title='bbox 338 502 445 561; x_wconf 84' lang='lat' dir='ltr'><strong>Asinio</strong></span> <span class='ocrx_word' id='word_1_9' title='bbox 474 519 553 561; x_wconf 88' lang='lat' dir='ltr'><strong>coss.</strong></span> <span class='ocrx_word' id='word_1_10' title='bbox 576 502 723 561; x_wconf 80' lang='lat' dir='ltr'><strong>Antistius</strong></span> <span class='ocrx_word' id='word_1_11' title='bbox 746 502 876 567; x_wconf 75' lang='lat' dir='ltr'><strong>Praetor,</strong></span> <span class='ocrx_word' id='word_1_12' title='bbox 898 518 984 576; x_wconf 89' lang='lat' dir='ltr'><strong>quem</strong></span> <span class='ocrx_word' id='word_1_13' title='bbox 1014 500 1045 557; x_wconf 89' lang='lat' dir='ltr'><strong>in</strong></span> <span class='ocrx_word' id='word_1_14' title='bbox 1065 500 1145 556; x_wconf 87' lang='lat' dir='ltr'><strong>Tri·</strong></span> 
     </span>
     <span class='ocr_line' id='line_1_3' title="bbox 266 600 1149 675; baseline -0.006 -16"><span class='ocrx_word' id='word_1_15' title='bbox 266 604 376 659; x_wconf 90' lang='lat' dir='ltr'><strong>bunatu</strong></span> <span class='ocrx_word' id='word_1_16' title='bbox 404 602 497 675; x_wconf 87' lang='lat' dir='ltr'><strong>plebis</strong></span> <span class='ocrx_word' id='word_1_17' title='bbox 533 602 658 659; x_wconf 80' lang='lat' dir='ltr'><strong>licenter</strong></span> <span class='ocrx_word' id='word_1_18' title='bbox 688 602 784 675; x_wconf 81' lang='lat' dir='ltr'>egisse</span> <span class='ocrx_word' id='word_1_19' title='bbox 823 600 993 665; x_wconf 80' lang='lat' dir='ltr'><strong>memoravi,</strong></span> <span class='ocrx_word' id='word_1_20' title='bbox 1022 601 1149 671; x_wconf 86' lang='lat' dir='ltr'><strong>probro-</strong></span> 
     </span>
     <span class='ocr_line' id='line_1_4' title="bbox 250 693 1147 774; baseline -0.007 -16"><span class='ocrx_word' id='word_1_21' title='bbox 250 718 301 771; x_wconf 85' lang='lat' dir='ltr'><strong>¹sa</strong></span> <span class='ocrx_word' id='word_1_22' title='bbox 325 702 464 758; x_wconf 89' lang='lat' dir='ltr'><strong>adversus</strong></span> <span class='ocrx_word' id='word_1_23' title='bbox 496 699 665 774; x_wconf 74' lang='lat' dir='ltr'><strong>Principem</strong></span> <span class='ocrx_word' id='word_1_24' title='bbox 692 693 823 757; x_wconf 86' lang='lat' dir='ltr'><strong>carmina</strong></span> <span class='ocrx_word' id='word_1_25' title='bbox 846 699 1005 766; x_wconf 74' lang='lat' dir='ltr'><strong>factitavit,</strong></span> <span class='ocrx_word' id='word_1_26' title='bbox 1038 699 1147 772; x_wconf 77' lang='lat' dir='ltr'><strong>vulga·</strong></span> 
     </span>
     <span class='ocr_line' id='line_1_5' title="bbox 268 797 1146 874; baseline -0.003 -18"><span class='ocrx_word' id='word_1_27' title='bbox 268 799 369 874; x_wconf 80' lang='lat' dir='ltr'><strong>vitque</strong></span> <span class='ocrx_word' id='word_1_28' title='bbox 390 798 499 856; x_wconf 83' lang='lat' dir='ltr'><strong>celebri</strong></span> <span class='ocrx_word' id='word_1_29' title='bbox 512 799 665 865; x_wconf 84' lang='lat' dir='ltr'><strong>convivio,</strong></span> <span class='ocrx_word' id='word_1_30' title='bbox 685 816 752 856; x_wconf 89' lang='lat' dir='ltr'><strong>cum</strong></span> <span class='ocrx_word' id='word_1_31' title='bbox 766 801 841 871; x_wconf 90' lang='lat' dir='ltr'><strong>apud</strong></span> <span class='ocrx_word' id='word_1_32' title='bbox 862 797 1010 856; x_wconf 79' lang='lat' dir='ltr'><strong>Ostorium</strong></span> <span class='ocrx_word' id='word_1_33' title='bbox 1028 799 1146 869; x_wconf 89' lang='lat' dir='ltr'><strong>Scapu-</strong></span> 
     </span>
     <span class='ocr_line' id='line_1_6' title="bbox 269 894 1148 970; baseline -0.006 -15"><span class='ocrx_word' id='word_1_34' title='bbox 269 899 328 955; x_wconf 85' lang='lat' dir='ltr'><strong>iam</strong></span> <span class='ocrx_word' id='word_1_35' title='bbox 351 900 492 970; x_wconf 89' lang='lat' dir='ltr'><strong>epulatur.</strong></span> <span class='ocrx_word' id='word_1_36' title='bbox 545 897 625 954; x_wconf 83' lang='lat' dir='ltr'><strong>Exin</strong></span> <span class='ocrx_word' id='word_1_37' title='bbox 654 915 673 954; x_wconf 87' lang='lat' dir='ltr'><strong>a</strong></span> <span class='ocrx_word' id='word_1_38' title='bbox 699 898 875 955; x_wconf 79' lang='lat' dir='ltr'><strong>Cossutiano</strong></span> <span class='ocrx_word' id='word_1_39' title='bbox 903 897 1060 968; x_wconf 80' lang='lat' dir='ltr'><strong>Capitone,</strong></span> <span class='ocrx_word' id='word_1_40' title='bbox 1090 894 1148 969; x_wconf 88' lang='lat' dir='ltr'><strong>qni</strong></span> 
     </span>
     <span class='ocr_line' id='line_1_7' title="bbox 269 994 1148 1069; baseline -0.002 -17"><span class='ocrx_word' id='word_1_41' title='bbox 269 1011 362 1069; x_wconf 81' lang='lat' dir='ltr'><strong>nuper</strong></span> <span class='ocrx_word' id='word_1_42' title='bbox 376 995 564 1053; x_wconf 81' lang='lat' dir='ltr'><strong>Senatorium</strong></span> <span class='ocrx_word' id='word_1_43' title='bbox 586 996 729 1062; x_wconf 87' lang='lat' dir='ltr'><strong>ordinem,</strong></span> <span class='ocrx_word' id='word_1_44' title='bbox 753 996 888 1068; x_wconf 84' lang='lat' dir='ltr'><strong>precibus</strong></span> <span class='ocrx_word' id='word_1_45' title='bbox 911 994 1067 1069; x_wconf 72' lang='lat' dir='ltr'><strong>Tigellini,</strong></span> <span class='ocrx_word' id='word_1_46' title='bbox 1095 1008 1148 1050; x_wconf 88' lang='lat' dir='ltr'><strong>ao·</strong></span> 
     </span>
    </p>

    <p class='ocr_par' dir='ltr' id='par_1_3' title="bbox 195 1078 1148 2044">
     <span class='ocr_line' id='line_1_8' title="bbox 195 1078 1147 1168; baseline -0.005 -15"><span class='ocrx_word' id='word_1_47' title='bbox 195 1078 199 1086; x_wconf 37' lang='lat'>⁸</span> <span class='ocrx_word' id='word_1_48' title='bbox 268 1094 330 1153; x_wconf 83' lang='lat' dir='ltr'><strong>ocri</strong></span> <span class='ocrx_word' id='word_1_49' title='bbox 350 1094 404 1161; x_wconf 91' lang='lat' dir='ltr'><strong>sui,</strong></span> <span class='ocrx_word' id='word_1_50' title='bbox 418 1100 578 1168; x_wconf 84' lang='lat' dir='ltr'><strong>receperat,</strong></span> <span class='ocrx_word' id='word_1_51' title='bbox 592 1095 753 1153; x_wconf 86' lang='lat' dir='ltr'><strong>maiestatis</strong></span> <span class='ocrx_word' id='word_1_52' title='bbox 762 1096 876 1150; x_wconf 86' lang='lat' dir='ltr'><strong>delatus</strong></span> <span class='ocrx_word' id='word_1_53' title='bbox 891 1100 944 1151; x_wconf 89' lang='lat' dir='ltr'><strong>est.</strong></span> <span class='ocrx_word' id='word_1_54' title='bbox 988 1094 1067 1149; x_wconf 87' lang='lat' dir='ltr'><strong>Turn</strong></span> <span class='ocrx_word' id='word_1_55' title='bbox 1085 1091 1147 1165; x_wconf 89' lang='lat' dir='ltr'><strong>pri·</strong></span> 
     </span>
     <span class='ocr_line' id='line_1_9' title="bbox 268 1191 1147 1268; baseline -0.005 -17"><span class='ocrx_word' id='word_1_56' title='bbox 268 1210 346 1251; x_wconf 89' lang='lat' dir='ltr'><strong>mum</strong></span> <span class='ocrx_word' id='word_1_57' title='bbox 360 1199 498 1251; x_wconf 90' lang='lat' dir='ltr'><strong>revocata</strong></span> <span class='ocrx_word' id='word_1_58' title='bbox 514 1212 550 1251; x_wconf 92' lang='lat' dir='ltr'><strong>ea</strong></span> <span class='ocrx_word' id='word_1_59' title='bbox 574 1196 623 1251; x_wconf 82' lang='lat' dir='ltr'><strong>lex</strong></span> <span class='ocrx_word' id='word_1_60' title='bbox 640 1215 647 1249; x_wconf 75' lang='grc' dir='ltr'><strong><em>ε</em></strong></span> <span class='ocrx_word' id='word_1_61' title='bbox 667 1195 899 1268; x_wconf 88' lang='lat' dir='ltr'><strong>credebaturque</strong></span> <span class='ocrx_word' id='word_1_62' title='bbox 921 1194 998 1249; x_wconf 90' lang='lat' dir='ltr'><strong>haud</strong></span> <span class='ocrx_word' id='word_1_63' title='bbox 1017 1191 1147 1265; x_wconf 85' lang='lat' dir='ltr'><strong>perinde</strong></span> 
     </span>
     <span class='ocr_line' id='line_1_10' title="bbox 269 1286 1147 1363; baseline -0.003 -18"><span class='ocrx_word' id='word_1_64' title='bbox 269 1289 392 1346; x_wconf 81' lang='lat' dir='ltr'><strong>esitium</strong></span> <span class='ocrx_word' id='word_1_65' title='bbox 419 1289 558 1356; x_wconf 80' lang='lat' dir='ltr'><strong>Antistio,</strong></span> <span class='ocrx_word' id='word_1_66' title='bbox 585 1305 670 1363; x_wconf 84' lang='lat' dir='ltr'><strong>quam</strong></span> <span class='ocrx_word' id='word_1_67' title='bbox 685 1289 856 1362; x_wconf 81' lang='lat' dir='ltr'><strong>Imperatori</strong></span> <span class='ocrx_word' id='word_1_68' title='bbox 883 1287 975 1362; x_wconf 89' lang='lat' dir='ltr'><strong>gloria</strong></span> <span class='ocrx_word' id='word_1_69' title='bbox 999 1286 1147 1361; x_wconf 87' lang='lat' dir='ltr'><strong>quaesita,</strong></span> 
     </span>
     <span class='ocr_line' id='line_1_11' title="bbox 268 1383 1148 1454; baseline -0.006 -8"><span class='ocrx_word' id='word_1_70' title='bbox 268 1392 301 1446; x_wconf 90' lang='lat' dir='ltr'><strong>ut</strong></span> <span class='ocrx_word' id='word_1_71' title='bbox 323 1389 533 1446; x_wconf 87' lang='lat' dir='ltr'><strong>condemnatus</strong></span> <span class='ocrx_word' id='word_1_72' title='bbox 553 1388 706 1454; x_wconf 81' lang='lat' dir='ltr'><strong>aSenatu,</strong></span> <span class='ocrx_word' id='word_1_73' title='bbox 727 1386 937 1444; x_wconf 86' lang='lat' dir='ltr'><strong>intercessione</strong></span> <span class='ocrx_word' id='word_1_74' title='bbox 962 1383 1148 1442; x_wconf 55' lang='lat' dir='ltr'><strong>Tribunicio&gt;</strong></span> 
     </span>
     <span class='ocr_line' id='line_1_12' title="bbox 270 1482 1147 1552; baseline -0.006 -8"><span class='ocrx_word' id='word_1_75' title='bbox 270 1484 356 1544; x_wconf 83' lang='lat' dir='ltr'><strong>morti</strong></span> <span class='ocrx_word' id='word_1_76' title='bbox 368 1486 552 1544; x_wconf 81' lang='lat' dir='ltr'><strong>eximeretur.</strong></span> <span class='ocrx_word' id='word_1_77' title='bbox 593 1483 643 1552; x_wconf 81' lang='lat' dir='ltr'><strong>lit,</strong></span> <span class='ocrx_word' id='word_1_78' title='bbox 655 1502 722 1542; x_wconf 90' lang='lat' dir='ltr'><strong>cum</strong></span> <span class='ocrx_word' id='word_1_79' title='bbox 744 1484 885 1550; x_wconf 86' lang='lat' dir='ltr'><strong>Ostorius,</strong></span> <span class='ocrx_word' id='word_1_80' title='bbox 898 1482 978 1540; x_wconf 70' lang='lat' dir='ltr'><strong>nita·</strong></span> <span class='ocrx_word' id='word_1_81' title='bbox 990 1482 1147 1550; x_wconf 71' lang='lat' dir='ltr'><strong>mdiuisse,</strong></span> 
     </span>
     <span class='ocr_line' id='line_1_13' title="bbox 270 1583 1148 1659; baseline -0.005 -17"><span class='ocrx_word' id='word_1_82' title='bbox 270 1601 322 1659; x_wconf 83' lang='lat' dir='ltr'><strong>pro</strong></span> <span class='ocrx_word' id='word_1_83' title='bbox 336 1585 505 1642; x_wconf 86' lang='lat' dir='ltr'><strong>testimonio</strong></span> <span class='ocrx_word' id='word_1_84' title='bbox 525 1584 659 1651; x_wconf 76' lang='lat' dir='ltr'><strong>dixisset,</strong></span> <span class='ocrx_word' id='word_1_85' title='bbox 682 1584 813 1641; x_wconf 88' lang='lat' dir='ltr'><strong>adversis</strong></span> <span class='ocrx_word' id='word_1_86' title='bbox 835 1583 956 1640; x_wconf 87' lang='lat' dir='ltr'><strong>testibus</strong></span> <span class='ocrx_word' id='word_1_87' title='bbox 976 1583 1148 1639; x_wconf 71' lang='lat' dir='ltr'><strong>creditnma·</strong></span> 
     </span>
     <span class='ocr_line' id='line_1_14' title="bbox 269 1682 1147 1757; baseline 0 -17"><span class='ocrx_word' id='word_1_88' title='bbox 269 1684 440 1757; x_wconf 88' lang='lat' dir='ltr'><strong>censuitque</strong></span> <span class='ocrx_word' id='word_1_89' title='bbox 455 1682 555 1740; x_wconf 90' lang='lat' dir='ltr'><strong>lunius</strong></span> <span class='ocrx_word' id='word_1_90' title='bbox 570 1683 720 1747; x_wconf 88' lang='lat' dir='ltr'><strong>Marullus,</strong></span> <span class='ocrx_word' id='word_1_91' title='bbox 735 1682 844 1740; x_wconf 89' lang='lat' dir='ltr'><strong>Consul</strong></span> <span class='ocrx_word' id='word_1_92' title='bbox 866 1683 1044 1756; x_wconf 82' lang='lat' dir='ltr'><strong>designatus,</strong></span> <span class='ocrx_word' id='word_1_93' title='bbox 1058 1689 1071 1716; x_wconf 37' lang='lat' dir='ltr'><strong>‘v</strong></span> <span class='ocrx_word' id='word_1_94' title='bbox 1080 1683 1147 1740; x_wconf 88' lang='lat' dir='ltr'><strong>adi·</strong></span> 
     </span>
     <span class='ocr_line' id='line_1_15' title="bbox 270 1782 1147 1856; baseline 0.001 -18"><span class='ocrx_word' id='word_1_95' title='bbox 270 1782 426 1839; x_wconf 87' lang='lat' dir='ltr'><strong>‘mendam</strong></span> <span class='ocrx_word' id='word_1_96' title='bbox 439 1796 489 1838; x_wconf 88' lang='lat' dir='ltr'><strong>reo</strong></span> <span class='ocrx_word' id='word_1_97' title='bbox 503 1782 680 1846; x_wconf 89' lang='lat' dir='ltr'><strong>Praeturam,</strong></span> <span class='ocrx_word' id='word_1_98' title='bbox 701 1784 921 1856; x_wconf 89' lang='lat' dir='ltr'><strong>necandumque</strong></span> <span class='ocrx_word' id='word_1_99' title='bbox 949 1800 1029 1838; x_wconf 87' lang='lat' dir='ltr'><strong>more</strong></span> <span class='ocrx_word' id='word_1_100' title='bbox 1051 1783 1147 1839; x_wconf 86' lang='lat' dir='ltr'><strong>maio·</strong></span> 
     </span>
     <span class='ocr_line' id='line_1_16' title="bbox 270 1869 1145 1949; baseline -0.002 -11"><span class='ocrx_word' id='word_1_101' title='bbox 270 1878 371 1938; x_wconf 80' lang='lat' dir='ltr'><strong>‘runa‘</strong></span> <span class='ocrx_word' id='word_1_102' title='bbox 412 1879 526 1938; x_wconf 83' lang='lat' dir='ltr'><strong>Ceteris</strong></span> <span class='ocrx_word' id='word_1_103' title='bbox 539 1869 607 1937; x_wconf 65' lang='lat' dir='ltr'><strong>inite</strong></span> <span class='ocrx_word' id='word_1_104' title='bbox 621 1880 858 1946; x_wconf 84' lang='lat' dir='ltr'><strong>assentientibus,</strong></span> <span class='ocrx_word' id='word_1_105' title='bbox 872 1880 985 1938; x_wconf 82' lang='lat' dir='ltr'><strong>Paetus·</strong></span> <span class='ocrx_word' id='word_1_106' title='bbox 995 1882 1145 1949; x_wconf 83' lang='lat' dir='ltr'><strong>Thrasea,</strong></span> 
     </span>
     <span class='ocr_line' id='line_1_17' title="bbox 271 1978 1147 2044; baseline 0 -7"><span class='ocrx_word' id='word_1_107' title='bbox 271 1981 362 2038; x_wconf 88' lang='lat' dir='ltr'><strong>naulto</strong></span> <span class='ocrx_word' id='word_1_108' title='bbox 398 1996 466 2037; x_wconf 87' lang='lat' dir='ltr'><strong>cum</strong></span> <span class='ocrx_word' id='word_1_109' title='bbox 497 1979 605 2036; x_wconf 90' lang='lat' dir='ltr'><strong>bonore</strong></span> <span class='ocrx_word' id='word_1_110' title='bbox 627 1978 772 2044; x_wconf 80' lang='lat' dir='ltr'><strong>Caesaris,</strong></span> <span class='ocrx_word' id='word_1_111' title='bbox 809 1987 839 2036; x_wconf 89' lang='lat' dir='ltr'><strong>et</strong></span> <span class='ocrx_word' id='word_1_112' title='bbox 872 1980 1013 2037; x_wconf 90' lang='lat' dir='ltr'><strong>acerrime</strong></span> <span class='ocrx_word' id='word_1_113' title='bbox 1045 1981 1147 2037; x_wconf 86' lang='lat' dir='ltr'><strong>inere·</strong></span> 
     </span>
    </p>

    <p class='ocr_par' dir='ltr' id='par_1_4' title="bbox 222 2077 1147 2644">
     <span class='ocr_line' id='line_1_18' title="bbox 222 2077 1144 2153; baseline -0.001 -17"><span class='ocrx_word' id='word_1_114' title='bbox 222 2096 226 2101; x_wconf 84' lang='lat'><strong>·</strong></span> <span class='ocrx_word' id='word_1_115' title='bbox 272 2077 335 2153; x_wconf 90' lang='lat' dir='ltr'><strong>pito</strong></span> <span class='ocrx_word' id='word_1_116' title='bbox 350 2078 490 2145; x_wconf 80' lang='lat' dir='ltr'><strong>Antistio,</strong></span> <span class='ocrx_word' id='word_1_117' title='bbox 505 2085 519 2111; x_wconf 88' lang='lat'><strong>·‘</strong></span> <span class='ocrx_word' id='word_1_118' title='bbox 531 2095 599 2144; x_wconf 91' lang='lat' dir='ltr'><strong>non,</strong></span> <span class='ocrx_word' id='word_1_119' title='bbox 619 2077 758 2151; x_wconf 83' lang='lat' dir='ltr'><strong>quidquid</strong></span> <span class='ocrx_word' id='word_1_120' title='bbox 777 2096 888 2135; x_wconf 90' lang='lat' dir='ltr'><strong>nocens</strong></span> <span class='ocrx_word' id='word_1_121' title='bbox 914 2096 978 2136; x_wconf 90' lang='lat' dir='ltr'><strong>reus</strong></span> <span class='ocrx_word' id='word_1_122' title='bbox 1004 2078 1064 2151; x_wconf 91' lang='lat' dir='ltr'><strong>pati</strong></span> <span class='ocrx_word' id='word_1_123' title='bbox 1080 2096 1144 2135; x_wconf 87' lang='lat' dir='ltr'><strong>me·</strong></span> 
     </span>
     <span class='ocr_line' id='line_1_19' title="bbox 272 2176 1145 2253; baseline 0 -19"><span class='ocrx_word' id='word_1_124' title='bbox 272 2184 412 2245; x_wconf 65' lang='lat' dir='ltr'><strong>tueretur,</strong></span> <span class='ocrx_word' id='word_1_125' title='bbox 433 2179 473 2247; x_wconf 91' lang='lat' dir='ltr'><strong>id,</strong></span> <span class='ocrx_word' id='word_1_126' title='bbox 495 2177 611 2253; x_wconf 77' lang='lat' dir='ltr'><strong>egregio</strong></span> <span class='ocrx_word' id='word_1_127' title='bbox 631 2180 684 2233; x_wconf 89' lang='lat' dir='ltr'><strong>sub</strong></span> <span class='ocrx_word' id='word_1_128' title='bbox 710 2176 857 2249; x_wconf 86' lang='lat' dir='ltr'><strong>Principe,</strong></span> <span class='ocrx_word' id='word_1_129' title='bbox 879 2184 909 2233; x_wconf 89' lang='lat' dir='ltr'><strong>et</strong></span> <span class='ocrx_word' id='word_1_130' title='bbox 935 2179 1015 2234; x_wconf 89' lang='lat' dir='ltr'><strong>nulla</strong></span> <span class='ocrx_word' id='word_1_131' title='bbox 1040 2194 1145 2234; x_wconf 88' lang='lat' dir='ltr'><strong>neces·</strong></span> 
     </span>
     <span class='ocr_line' id='line_1_20' title="bbox 272 2274 1147 2342; baseline 0 -9"><span class='ocrx_word' id='word_1_132' title='bbox 272 2275 382 2333; x_wconf 82' lang='lat' dir='ltr'><strong>‘ritate</strong></span> <span class='ocrx_word' id='word_1_133' title='bbox 403 2277 543 2333; x_wconf 87' lang='lat' dir='ltr'><strong>obstricto</strong></span> <span class='ocrx_word' id='word_1_134' title='bbox 563 2278 683 2342; x_wconf 86' lang='lat' dir='ltr'><strong>Senatu,</strong></span> <span class='ocrx_word' id='word_1_135' title='bbox 697 2278 892 2341; x_wconf 87' lang='lat' dir='ltr'><strong>statuendum,</strong></span> <span class='ocrx_word' id='word_1_136' title='bbox 915 2274 1065 2332; x_wconf 84' lang='lat' dir='ltr'><strong>disseruit..</strong></span> <span class='ocrx_word' id='word_1_137' title='bbox 1080 2293 1147 2333; x_wconf 83' lang='lat' dir='ltr'><strong>car·</strong></span> 
     </span>
     <span class='ocr_line' id='line_1_21' title="bbox 271 2375 1145 2447; baseline 0.001 -16"><span class='ocrx_word' id='word_1_138' title='bbox 271 2375 408 2432; x_wconf 71' lang='lat' dir='ltr'><strong>‘nibcem</strong></span> <span class='ocrx_word' id='word_1_139' title='bbox 429 2381 459 2429; x_wconf 91' lang='lat' dir='ltr'><strong>et</strong></span> <span class='ocrx_word' id='word_1_140' title='bbox 474 2377 608 2447; x_wconf 88' lang='lat' dir='ltr'><strong>laqueum</strong></span> <span class='ocrx_word' id='word_1_141' title='bbox 629 2376 742 2445; x_wconf 84' lang='lat' dir='ltr'><strong>pridem</strong></span> <span class='ocrx_word' id='word_1_142' title='bbox 753 2375 878 2430; x_wconf 88' lang='lat' dir='ltr'><strong>abolita:</strong></span> <span class='ocrx_word' id='word_1_143' title='bbox 900 2381 930 2431; x_wconf 87' lang='lat' dir='ltr'><strong>et</strong></span> <span class='ocrx_word' id='word_1_144' title='bbox 944 2392 1008 2430; x_wconf 85' lang='lat' dir='ltr'><strong>esse</strong></span> <span class='ocrx_word' id='word_1_145' title='bbox 1031 2392 1145 2447; x_wconf 70' lang='lat' dir='ltr'><strong>proenas</strong></span> 
     </span>
     <span class='ocr_line' id='line_1_22' title="bbox 271 2472 1147 2546; baseline 0.002 -17"><span class='ocrx_word' id='word_1_146' title='bbox 271 2472 402 2545; x_wconf 78' lang='lat' dir='ltr'><strong>‘iegibus</strong></span> <span class='ocrx_word' id='word_1_147' title='bbox 415 2472 596 2538; x_wconf 87' lang='lat' dir='ltr'><strong>constitutas,</strong></span> <span class='ocrx_word' id='word_1_148' title='bbox 610 2472 719 2546; x_wconf 88' lang='lat' dir='ltr'><strong>quibus,</strong></span> <span class='ocrx_word' id='word_1_149' title='bbox 734 2472 798 2529; x_wconf 88' lang='lat' dir='ltr'><strong>sine</strong></span> <span class='ocrx_word' id='word_1_150' title='bbox 819 2473 947 2530; x_wconf 87' lang='lat' dir='ltr'><strong>iudicum</strong></span> <span class='ocrx_word' id='word_1_151' title='bbox 968 2473 1094 2530; x_wconf 79' lang='lat' dir='ltr'><strong>saevitia</strong></span> <span class='ocrx_word' id='word_1_152' title='bbox 1111 2480 1147 2531; x_wconf 86' lang='lat' dir='ltr'><strong>et</strong></span> 
     </span>
     <span class='ocr_line' id='line_1_23' title="bbox 271 2569 1146 2644; baseline 0.003 -17"><span class='ocrx_word' id='word_1_153' title='bbox 271 2574 450 2639; x_wconf 81' lang='lat' dir='ltr'><strong>‘temporam</strong></span> <span class='ocrx_word' id='word_1_154' title='bbox 465 2569 591 2635; x_wconf 78' lang='lat' dir='ltr'><strong>infamia,</strong></span> <span class='ocrx_word' id='word_1_155' title='bbox 615 2572 758 2642; x_wconf 84' lang='lat' dir='ltr'><strong>supplicia</strong></span> <span class='ocrx_word' id='word_1_156' title='bbox 782 2572 1017 2628; x_wconf 86' lang='lat' dir='ltr'><strong>decernerentur.</strong></span> <span class='ocrx_word' id='word_1_157' title='bbox 1060 2572 1146 2644; x_wconf 80' lang='lat' dir='ltr'><strong>Quin</strong></span> 
     </span>
    </p>

    <p class='ocr_par' dir='ltr' id='par_1_5' title="bbox 162 2664 1149 3147">
     <span class='ocr_line' id='line_1_24' title="bbox 162 2664 1146 2743; baseline 0.006 -20"><span class='ocrx_word' id='word_1_158' title='bbox 162 2670 163 2675; x_wconf 75' lang='grc'>’</span> <span class='ocrx_word' id='word_1_159' title='bbox 272 2667 323 2724; x_wconf 87' lang='lat' dir='ltr'><strong>‘in</strong></span> <span class='ocrx_word' id='word_1_160' title='bbox 349 2667 451 2734; x_wconf 87' lang='lat' dir='ltr'><strong>insuia,</strong></span> <span class='ocrx_word' id='word_1_161' title='bbox 490 2668 644 2739; x_wconf 85' lang='lat' dir='ltr'><strong>publicatis</strong></span> <span class='ocrx_word' id='word_1_162' title='bbox 673 2664 764 2732; x_wconf 84' lang='lat' dir='ltr'><strong>bonis,</strong></span> <span class='ocrx_word' id='word_1_163' title='bbox 792 2688 848 2743; x_wconf 83' lang='lat' dir='ltr'><strong>quo</strong></span> <span class='ocrx_word' id='word_1_164' title='bbox 874 2673 988 2743; x_wconf 82' lang='lat' dir='ltr'><strong>longius</strong></span> <span class='ocrx_word' id='word_1_165' title='bbox 1026 2679 1146 2730; x_wconf 88' lang='lat' dir='ltr'><strong>sontem</strong></span> 
     </span>
     <span class='ocr_line' id='line_1_25' title="bbox 272 2765 1149 2841; baseline 0.007 -19"><span class='ocrx_word' id='word_1_166' title='bbox 272 2766 382 2822; x_wconf 73' lang='lat' dir='ltr'><strong>‘uitam</strong></span> <span class='ocrx_word' id='word_1_167' title='bbox 397 2765 542 2833; x_wconf 85' lang='lat' dir='ltr'><strong>traxisset,</strong></span> <span class='ocrx_word' id='word_1_168' title='bbox 562 2784 598 2822; x_wconf 87' lang='lat' dir='ltr'><strong>eo</strong></span> <span class='ocrx_word' id='word_1_169' title='bbox 620 2768 756 2840; x_wconf 87' lang='lat' dir='ltr'><strong>privatim</strong></span> <span class='ocrx_word' id='word_1_170' title='bbox 782 2769 969 2835; x_wconf 86' lang='lat' dir='ltr'><strong>miseriorem,</strong></span> <span class='ocrx_word' id='word_1_171' title='bbox 993 2776 1024 2827; x_wconf 88' lang='lat' dir='ltr'><strong>et</strong></span> <span class='ocrx_word' id='word_1_172' title='bbox 1049 2772 1149 2841; x_wconf 88' lang='lat' dir='ltr'><strong>publi-</strong></span> 
     </span>
     <span class='ocr_line' id='line_1_26' title="bbox 218 2863 1148 2943; baseline 0.008 -19"><span class='ocrx_word' id='word_1_173' title='bbox 218 2863 261 2921; x_wconf 78' lang='grc'><strong>49</strong></span> <span class='ocrx_word' id='word_1_174' title='bbox 272 2875 281 2903; x_wconf 86' lang='lat'>‘</span> <span class='ocrx_word' id='word_1_175' title='bbox 291 2886 344 2926; x_wconf 89' lang='lat' dir='ltr'><strong>cae</strong></span> <span class='ocrx_word' id='word_1_176' title='bbox 355 2871 530 2927; x_wconf 85' lang='lat' dir='ltr'><strong>clementiae</strong></span> <span class='ocrx_word' id='word_1_177' title='bbox 545 2870 702 2927; x_wconf 83' lang='lat' dir='ltr'><strong>maximum</strong></span> <span class='ocrx_word' id='word_1_178' title='bbox 726 2876 892 2943; x_wconf 82' lang='lat' dir='ltr'><strong>exemplum</strong></span> <span class='ocrx_word' id='word_1_179' title='bbox 907 2871 1050 2929; x_wconf 60' lang='lat' dir='ltr'><strong>lutrarum?</strong></span> <span class='ocrx_word' id='word_1_180' title='bbox 1090 2875 1148 2932; x_wconf 87' lang='lat' dir='ltr'><strong>Li·</strong></span> 
     </span>
     <span class='ocr_line' id='line_1_27' title="bbox 272 2964 1146 3044; baseline 0.005 -18"><span class='ocrx_word' id='word_1_181' title='bbox 272 2971 367 3027; x_wconf 90' lang='lat' dir='ltr'><strong>bertas</strong></span> <span class='ocrx_word' id='word_1_182' title='bbox 391 2969 542 3027; x_wconf 74' lang='lat' dir='ltr'><strong>Thraseae</strong></span> <span class='ocrx_word' id='word_1_183' title='bbox 566 2965 717 3026; x_wconf 87' lang='lat' dir='ltr'><strong>servitium</strong></span> <span class='ocrx_word' id='word_1_184' title='bbox 742 2971 868 3027; x_wconf 88' lang='lat' dir='ltr'><strong>aliorum</strong></span> <span class='ocrx_word' id='word_1_185' title='bbox 885 2973 969 3044; x_wconf 88' lang='lat' dir='ltr'><strong>rupit.</strong></span> <span class='ocrx_word' id='word_1_186' title='bbox 998 2964 1046 3038; x_wconf 83' lang='lat' dir='ltr'><strong>et,</strong></span> <span class='ocrx_word' id='word_1_187' title='bbox 1062 2981 1146 3044; x_wconf 90' lang='lat' dir='ltr'><strong>post·</strong></span> 
     </span>
     <span class='ocr_line' id='line_1_28' title="bbox 272 3069 1149 3147; baseline 0.002 -20"><span class='ocrx_word' id='word_1_188' title='bbox 272 3087 357 3147; x_wconf 81' lang='lat' dir='ltr'><strong>quam</strong></span> <span class='ocrx_word' id='word_1_189' title='bbox 366 3069 574 3126; x_wconf 80' lang='lat' dir='ltr'><strong>discessionem</strong></span> <span class='ocrx_word' id='word_1_190' title='bbox 585 3070 696 3125; x_wconf 85' lang='lat' dir='ltr'><strong>Consul</strong></span> <span class='ocrx_word' id='word_1_191' title='bbox 711 3069 889 3141; x_wconf 83' lang='lat' dir='ltr'><strong>permiserat,</strong></span> <span class='ocrx_word' id='word_1_192' title='bbox 903 3070 1024 3142; x_wconf 89' lang='lat' dir='ltr'><strong>pedibus</strong></span> <span class='ocrx_word' id='word_1_193' title='bbox 1036 3070 1066 3127; x_wconf 91' lang='lat' dir='ltr'><strong>in</strong></span> <span class='ocrx_word' id='word_1_194' title='bbox 1078 3089 1149 3130; x_wconf 89' lang='lat' dir='ltr'><strong>sen·</strong></span> 
     </span>
    </p>
   </div>
   <div class='ocr_carea' id='block_1_3' title="bbox 265 3242 1149 3616">
    <p class='ocr_par' dir='ltr' id='par_1_6' title="bbox 273 3242 1149 3363">
     <span class='ocr_line' id='line_1_29' title="bbox 302 3242 1149 3306; baseline 0.002 -15"><span class='ocrx_word' id='word_1_195' title='bbox 302 3244 459 3292; x_wconf 79' lang='lat' dir='ltr'><strong>Intercessa&#39;oac</strong></span> <span class='ocrx_word' id='word_1_196' title='bbox 478 3242 609 3303; x_wconf 79' lang='lat' dir='ltr'><strong>tribunicio]</strong></span> <span class='ocrx_word' id='word_1_197' title='bbox 649 3243 808 3289; x_wconf 84' lang='lat' dir='ltr'><strong>Intercessioue</strong></span> <span class='ocrx_word' id='word_1_198' title='bbox 826 3242 894 3302; x_wconf 84' lang='lat' dir='ltr'><strong>ipsius</strong></span> <span class='ocrx_word' id='word_1_199' title='bbox 913 3244 1032 3290; x_wconf 77' lang='lat' dir='ltr'><strong>Caesaris:</strong></span> <span class='ocrx_word' id='word_1_200' title='bbox 1052 3245 1092 3306; x_wconf 86' lang='lat' dir='ltr'><strong>qni</strong></span> <span class='ocrx_word' id='word_1_201' title='bbox 1111 3246 1149 3294; x_wconf 76' lang='lat' dir='ltr'><strong>ita</strong></span> 
     </span>
     <span class='ocr_line' id='line_1_30' title="bbox 273 3301 1022 3363; baseline -0.001 -13"><span class='ocrx_word' id='word_1_202' title='bbox 273 3305 404 3351; x_wconf 84' lang='lat' dir='ltr'><strong>clementiae</strong></span> <span class='ocrx_word' id='word_1_203' title='bbox 413 3303 507 3361; x_wconf 80' lang='lat' dir='ltr'><strong>gloriam</strong></span> <span class='ocrx_word' id='word_1_204' title='bbox 517 3308 613 3363; x_wconf 84' lang='lat' dir='ltr'><strong>pararet.</strong></span> <span class='ocrx_word' id='word_1_205' title='bbox 645 3301 704 3358; x_wconf 65' lang='lat' dir='ltr'><strong>irps.</strong></span> <span class='ocrx_word' id='word_1_206' title='bbox 739 3302 772 3347; x_wconf 81' lang='lat' dir='ltr'><strong>ad</strong></span> <span class='ocrx_word' id='word_1_207' title='bbox 783 3301 853 3346; x_wconf 79' lang='lat' dir='ltr'><strong>instar</strong></span> <span class='ocrx_word' id='word_1_208' title='bbox 865 3304 959 3360; x_wconf 81' lang='lat' dir='ltr'><strong>Augusti</strong></span> <span class='ocrx_word' id='word_1_209' title='bbox 971 3307 991 3357; x_wconf 93' lang='lat' dir='ltr'><strong>l,</strong></span> <span class='ocrx_word' id='word_1_210' title='bbox 1001 3307 1022 3349; x_wconf 88' lang='lat'><strong>2.</strong></span> 
     </span>
    </p>

    <p class='ocr_par' dir='ltr' id='par_1_7' title="bbox 265 3379 1149 3616">
     <span class='ocr_line' id='line_1_31' title="bbox 304 3379 1148 3442; baseline 0.001 -14"><span class='ocrx_word' id='word_1_211' title='bbox 304 3381 437 3429; x_wconf 80' lang='lat' dir='ltr'><strong>Necundom</strong></span> <span class='ocrx_word' id='word_1_212' title='bbox 453 3396 512 3427; x_wconf 79' lang='lat' dir='ltr'><strong>mora</strong></span> <span class='ocrx_word' id='word_1_213' title='bbox 527 3381 646 3442; x_wconf 74' lang='lat' dir='ltr'><strong>majorum}</strong></span> <span class='ocrx_word' id='word_1_214' title='bbox 679 3379 782 3427; x_wconf 82' lang='lat' dir='ltr'><strong>Necandi</strong></span> <span class='ocrx_word' id='word_1_215' title='bbox 797 3394 852 3425; x_wconf 86' lang='lat' dir='ltr'><strong>vero</strong></span> <span class='ocrx_word' id='word_1_216' title='bbox 867 3395 929 3425; x_wconf 88' lang='lat' dir='ltr'><strong>more</strong></span> <span class='ocrx_word' id='word_1_217' title='bbox 945 3383 1063 3438; x_wconf 86' lang='lat' dir='ltr'><strong>majorum,</strong></span> <span class='ocrx_word' id='word_1_218' title='bbox 1079 3383 1148 3438; x_wconf 73' lang='lat' dir='ltr'><strong>juxta</strong></span> 
     </span>
     <span class='ocr_line' id='line_1_32' title="bbox 275 3440 1149 3501; baseline 0 -14"><span class='ocrx_word' id='word_1_219' title='bbox 275 3440 407 3499; x_wconf 79' lang='lat' dir='ltr'><strong>Eutropium</strong></span> <span class='ocrx_word' id='word_1_220' title='bbox 426 3440 478 3487; x_wconf 86' lang='lat' dir='ltr'><strong>vu.</strong></span> <span class='ocrx_word' id='word_1_221' title='bbox 497 3455 565 3496; x_wconf 76' lang='lat' dir='ltr'><strong>ponsa</strong></span> <span class='ocrx_word' id='word_1_222' title='bbox 580 3445 627 3486; x_wconf 85' lang='lat' dir='ltr'><strong>erat</strong></span> <span class='ocrx_word' id='word_1_223' title='bbox 646 3440 704 3493; x_wconf 81' lang='lat' dir='ltr'><strong>talis,</strong></span> <span class='ocrx_word' id='word_1_224' title='bbox 722 3443 748 3485; x_wconf 82' lang='lat' dir='ltr'><strong>ut</strong></span> <span class='ocrx_word' id='word_1_225' title='bbox 766 3441 843 3486; x_wconf 78' lang='lat' dir='ltr'><strong>raudus</strong></span> <span class='ocrx_word' id='word_1_226' title='bbox 864 3454 905 3496; x_wconf 78' lang='lat' dir='ltr'><strong>per</strong></span> <span class='ocrx_word' id='word_1_227' title='bbox 921 3440 1039 3495; x_wconf 79' lang='lat' dir='ltr'><strong>publicum</strong></span> <span class='ocrx_word' id='word_1_228' title='bbox 1055 3441 1149 3501; x_wconf 78' lang='lat' dir='ltr'><strong>ductus,</strong></span> 
     </span>
     <span class='ocr_line' id='line_1_33' title="bbox 265 3498 1149 3563; baseline 0.008 -21"><span class='ocrx_word' id='word_1_229' title='bbox 265 3499 341 3555; x_wconf 73' lang='lat' dir='ltr'><strong>jirrca</strong></span> <span class='ocrx_word' id='word_1_230' title='bbox 351 3499 473 3557; x_wconf 77' lang='lat' dir='ltr'><strong>capitiejua</strong></span> <span class='ocrx_word' id='word_1_231' title='bbox 489 3499 581 3552; x_wconf 81' lang='lat' dir='ltr'><strong>inserto,</strong></span> <span class='ocrx_word' id='word_1_232' title='bbox 600 3499 672 3558; x_wconf 73' lang='lat' dir='ltr'><strong>virgis</strong></span> <span class='ocrx_word' id='word_1_233' title='bbox 691 3500 805 3563; x_wconf 21' lang='lat' dir='ltr'><strong>aequiori</strong></span> <span class='ocrx_word' id='word_1_234' title='bbox 821 3504 913 3546; x_wconf 81' lang='lat' dir='ltr'><strong>mortem</strong></span> <span class='ocrx_word' id='word_1_235' title='bbox 927 3498 1064 3558; x_wconf 60' lang='lat' dir='ltr'><strong>modarius,</strong></span> <span class='ocrx_word' id='word_1_236' title='bbox 1080 3504 1149 3562; x_wconf 65' lang='lat' dir='ltr'><strong>opus</strong></span> 
     </span>
     <span class='ocr_line' id='line_1_34' title="bbox 274 3557 1123 3616; baseline 0.002 -11"><span class='ocrx_word' id='word_1_237' title='bbox 274 3557 601 3616; x_wconf 58' lang='lat' dir='ltr'><strong>omniparentem</strong></span> <span class='ocrx_word' id='word_1_238' title='bbox 1119 3561 1123 3565; x_wconf 79' lang='grc'><strong>’</strong></span> 
     </span>
    </p>
   </div>
   <div class='ocr_carea' id='block_1_4' title="bbox 0 0 1266 4292">
    <p class='ocr_par' dir='ltr' id='par_1_8' title="bbox 0 0 1266 4292">
     <span class='ocr_line' id='line_1_35' title="bbox 0 0 1266 4292; baseline 0 0"><span class='ocrx_word' id='word_1_239' title='bbox 0 0 1266 4292; x_wconf 95' lang='lat' dir='ltr'><strong> </strong></span> 
     </span>
    </p>
   </div>
  </div>
 </body>
</html>
