2509 4292
219 334 271 406 28
543 359 730 409 nnnsmru
947 365 977 411 a.
992 363 1023 412 v.
1038 365 1090 414 au.

220 512 278 569 ‘tls
302 511 422 587 adspiei.
446 512 580 582 inbelles,
602 515 730 572 inermes
751 530 884 573 cessuros
906 516 1016 583 statim,
1040 515 1092 575 ubi

220 612 343 670 ‘terrum
371 611 565 687 virtutemque
581 613 774 680 vincentium,
788 614 897 672 totiens
922 615 989 682 tusi,
1002 632 1093 686 agno·

219 710 360 769 ‘visunt
380 712 470 768 etiam
483 712 515 770 in
535 712 634 770 multis
648 714 812 787 legionibus
826 730 933 787 paucos
947 732 1021 778 esse,
1042 713 1095 789 qui

218 811 348 884 ‘praelia
373 809 574 885 profligarent:
594 812 761 887 gloriaeque
785 826 883 870 eornm
897 809 1093 884 a'ooessumm,

218 911 311 984 ‘quod
325 910 441 966 modios
468 926 570 967 manus
595 911 725 968 universi
748 912 897 969 exereitus
910 912 1016 969 tamam
1041 913 1093 970 ad·

217 996 436 1083 ‘miscerentur
492 1008 625 1066 Conterti
656 1015 779 1076 tantum,
803 1019 838 1073 et
872 1010 938 1083 pilis
965 1010 1092 1078 emissis,

217 1114 302 1184 ‘post
315 1108 487 1166 umbonibus
500 1113 531 1165 et
550 1107 665 1182 gladiis,
678 1115 804 1183 stragem
818 1110 996 1184 eaedemque
1020 1125 1093 1166 oon·

217 1209 392 1279 ‘tiuuarent
408 1209 532 1280 praedae
545 1209 720 1266 inmemores
734 1228 742 1263 ι
762 1215 844 1282 parta
858 1208 991 1275 victoria,
1001 1223 1093 1265 euno·

217 1314 266 1365 ‘ta
277 1307 347 1382 ipsis
361 1306 496 1365 oessura.’
537 1309 567 1365 ls
586 1308 672 1363 ardor
698 1309 788 1364 verba
801 1307 883 1364 dunis
907 1308 1092 1379 sequebatur,

216 1408 258 1465 ita
272 1425 303 1463 se
323 1408 360 1464 ad
380 1407 572 1480 intorquenda
587 1406 647 1478 pila
667 1406 840 1478 expedierat
861 1412 945 1461 vetus
959 1405 1044 1462 miles
1058 1407 1093 1462 et

217 1509 307 1564 multa
341 1506 513 1579 proeliorum
546 1504 741 1579 experientia,
772 1510 805 1562 ut
833 1509 929 1561 oertus
962 1501 1093 1560 eventus

158 1590 205 1661 ι37
219 1605 384 1673 Suetonius,
404 1606 486 1661 daret
500 1620 613 1679 pugnae
627 1604 751 1678 signum.
793 1605 841 1661 Ao
866 1603 989 1675 primum
1011 1602 1092 1675 legio

217 1704 306 1778 gradu
321 1704 440 1770 inmota,
454 1708 484 1759 et
508 1703 656 1776 angustias
681 1702 740 1759 loni
768 1719 820 1776 pro
842 1703 1022 1758 munimento
1047 1717 1094 1757 re-

216 1801 324 1867 tinens,
338 1807 488 1875 postquam
502 1800 618 1873 propius
631 1818 798 1875 suggressus
813 1802 904 1858 hostis
918 1806 1000 1857 oerto
1009 1799 1093 1857 iactu

217 1902 276 1958 tela
297 1901 483 1967 exhauserat,
498 1902 577 1956 velut
601 1916 697 1957 cuneo
717 1900 821 1973 eru'pit.
863 1901 945 1959 Idem
968 1898 1093 1956 auxilia·

217 2001 291 2058 rium
314 2000 445 2074 inpetus:
467 2004 497 2056 et
520 2016 618 2072 eques,
642 1999 783 2072 protentis
809 1999 911 2066 hastis,
931 1996 1094 2071 perfringit,

218 2102 293 2174 quod
316 2100 436 2157 obvium
463 2105 494 2155 et
513 2099 644 2156 validum
668 2103 739 2156 erat
781 2099 882 2156 Ceteri
903 2104 984 2171 terga
1008 2113 1091 2169 prae·

219 2201 315 2264 boare,
341 2199 454 2256 ‹liffioili
485 2194 602 2272 effugio,
633 2197 700 2272 qula
727 2197 917 2255 oiroumieata
951 2195 1094 2253 vehicula

218 2305 366 2372 sepserant
381 2298 484 2354 abitus.
528 2298 564 2353 ut
577 2297 660 2354 miles
675 2314 712 2353 ne
727 2295 878 2354 mulierum
892 2295 1008 2369 quidem
1023 2293 1093 2352 neoi

219 2399 415 2470 temperabat:
437 2396 610 2468 conlisaque
636 2394 702 2453 telis
726 2395 816 2452 etiam
835 2394 965 2451 iumenta
991 2409 1094 2466 oorpo·

219 2513 281 2553 rum
303 2496 450 2552 cumulum
464 2499 615 2551 auxerant.
657 2496 755 2561 Clara,
773 2500 803 2550 et
817 2493 944 2568 antiquis
957 2491 1092 2549 victoriis

219 2593 390 2669 paneadis
404 2595 567 2666 lausparta.
588 2591 695 2666 quippe
716 2598 792 2659 sunt,
813 2592 862 2667 qui
877 2593 974 2665 paullo
995 2591 1093 2648 miuus

220 2711 304 2769 quam
319 2692 469 2766 octoginta
485 2691 576 2749 millia
591 2692 798 2749 Britannorum
812 2689 955 2748 cecidisse
970 2691 1097 2759 tradant,

220 2793 345 2851 militum
372 2791 590 2867 quadringentis
612 2791 702 2848 terme
721 2791 894 2854 interiectis,
921 2806 977 2846 neo
1001 2790 1094 2844 multo

220 2891 342 2966 amplius
359 2890 527 2948 vulneratis.
568 2889 718 2947 Boadioea
740 2887 831 2947 vitam
853 2905 969 2944 veneno
982 2885 1094 2944 finivit.-

220 2994 258 3051 Bt
275 2991 401 3050 Poenius
427 2991 586 3057 Postumus,
611 2988 778 3045 Praeleotus
808 2997 967 3044 castrorum
988 3002 1092 3043 secun,

220 3096 274 3152 dae
290 3091 421 3165 legionis,
445 3089 571 3162 cognitis
596 3086 913 3164 quartadecimanorum
938 3084 1092 3142 vicesima·

220 3211 376 3266 nurumque
392 3189 533 3262 prosperis
556 3191 648 3255 rebus,
662 3187 729 3260 quia
750 3185 812 3257 pari
834 3183 926 3258 gloria
943 3183 1093 3256 legionem

220 3311 300 3350 suam
314 3293 505 3354 fraudaverat,
519 3290 724 3358 abnueratque,
743 3288 845 3348 eontra
858 3283 944 3340 ritum
960 3281 1094 3349 militiae,

251 3466 327 3523 Prnr‘
348 3469 411 3512 casu.
428 3462 535 3509 secundm
550 3459 665 3520 aegras]
696 3458 777 3504 Castra
793 3457 833 3503 illa
849 3462 911 3503 erant
926 3456 985 3516 apud
1000 3448 1096 3515 Siluras,

220 3540 344 3584 nomenque
361 3525 458 3568 lecerunt
479 3523 537 3578 loco,
558 3520 681 3567 Brittannis
701 3517 769 3572 dicto,
789 3516 847 3562 Cuer
865 3515 957 3567 Isieiou,
979 3516 1015 3561 vel
1034 3515 1096 3561 Cosa·

221 3584 349 3695 Ιὺἃὶἰωιὲν
362 3581 447 3685 tWyrlm
466 3580 489 3626 id
506 3587 540 3627 est
559 3578 620 3626 Uria
636 3577 730 3637 legionis
745 3575 775 3622 nd
788 3574 861 3622 Istam
871 3572 994 3635 flurium:
1013 3574 1093 3623 lsrnrn.

248 3659 258 3691 s
275 3678 280 3690 .
335 3656 377 3687 ra.
