2509 4292
292 380 340 450 90
613 399 796 450 arnamar
1017 401 1046 446 a.
1060 396 1091 446 v.
1106 399 1157 447 no.

203 620 209 631 ⁴
290 554 514 630 Ergo‘regredi
537 558 567 611 et
590 554 721 613 indicere
742 551 872 612 mortem’
886 553 1010 610 iubetur.
1039 551 1156 608 1¹l'radit

291 654 401 712 Fabius
415 654 561 718 Rusticus,
575 659 652 710 ‘non
672 670 719 718 eo,
732 670 789 726 quo
810 657 940 716 venerat,
953 650 1062 707 itinere
1087 651 1156 706 redi·
1227 632 1228 655 ³

291 757 380 818 ‘tum‚
406 753 457 810 aed
480 751 596 809 flexisse
617 752 654 807 ad
686 751 811 808 Fenium
838 731 1033 815 Praefectum,
1057 754 1087 805 et
1109 744 1156 805 ex·
1227 760 1228 829 j

291 850 411 922 ‘positis
439 849 572 908 Caesaris
599 848 693 915 iussis,
718 865 756 905 an
786 850 1013 920 obtemperaret,
1041 848 1156 905 iuterro-

291 948 443 1023 ‘gavisse3
477 948 675 1021 monitumque
707 948 745 1004 ab
779 964 824 1013 eo,
859 952 890 1003 ut
924 943 1154 1020 exsequeretur;’

292 1046 373 1103 iataii
387 1044 515 1102 omnium
526 1044 655 1118 ignavia
670 1062 737 1102 nam
748 1051 778 1102 et
788 1046 928 1102 Silvanus
940 1045 1020 1102 inter
1029 1045 1155 1102 coniura-

292 1147 337 1201 tos
361 1149 432 1208 erat,
459 1144 640 1217 augebatque
667 1145 788 1210 scelera,
809 1143 841 1199 in
865 1160 988 1216 quorum
1018 1142 1154 1201 ultionem
1227 1180 1228 1183 =

289 1245 485 1298 consenserat.
525 1241 607 1299 Vooi
618 1247 715 1298 tamen
726 1248 758 1298 et
770 1242 922 1314 adspectui
936 1242 1077 1315 pepercit.
1111 1242 1154 1297 in·
1227 1292 1228 1295 ,

290 1338 469 1412 tromiaitque
487 1340 524 1396 ad
539 1340 687 1397 Senecam
704 1358 791 1397 unum
805 1360 845 1398 ex
859 1341 1097 1406 centurionibus,
1107 1336 1153 1412 qui

238 1432 616 1495 numerumnunerum
630 1439 823 1497 denuntiaret.
865 1440 920 1496 lite
933 1439 1084 1496 interritus
1097 1453 1153 1510 poa·

290 1536 332 1593 cit
355 1534 513 1613 testamenti
543 1535 675 1594 mirrha:
694 1554 741 1604 ao,
772 1537 939 1611 denegante
969 1537 1154 1600 centurione,
1227 1552 1228 1555 ¹

290 1652 449 1692 conversus
462 1635 500 1690 ad
514 1635 633 1700 amicos,
647 1637 779 1709 ‘quando
802 1636 912 1693 meritis
932 1653 1034 1694 eorum
1056 1633 1156 1691 reterre

214 1778 216 1781 .
292 1733 435 1808 ‘gratiam
448 1731 665 1806 prohiberetur,'
684 1735 761 1808 quod
774 1752 863 1792 unum
880 1735 985 1793 iamet
1005 1729 1155 1808 putcherri·
1227 1810 1228 1817 ἵ

291 1851 368 1891 rnurn
397 1833 533 1899 habebat,
559 1831 741 1906 ‘imaginem
766 1834 847 1890 vitae
878 1851 948 1892 anae
978 1825 1152 1906 mttnquere:
1227 1820 1228 1851 r

291 1936 430 1989 testatur:
450 1930 550 1987 ‘cuius
562 1929 588 1986 ai
613 1946 756 1988 memores
769 1937 876 1999 emeat,
900 1934 1045 1989 bonarum
1056 1928 1154 1986 artium

292 2031 428 2097 ‘tamam
449 2036 511 2087 tum
534 2030 696 2086 constantis
723 2030 871 2087 amicitiae
898 2029 1026 2088 tuturos?
1066 2025 1153 2085 Simut
1227 2036 1228 2091 ξ

292 2130 426 2187 lacrimas
457 2146 565 2193 eorum,
599 2128 686 2189 modo
719 2128 861 2196 sermone,
886 2130 973 2186 modo
1011 2125 1153 2190 intentior,

292 2228 323 2285 in
339 2230 454 2285 modum
476 2226 652 2290 coercentis,
676 2227 712 2282 nd
735 2226 940 2286 firmitudinem
964 2233 1095 2293 revocat,
1114 2240 1153 2282 ro·
1227 2276 1228 2313 q

291 2326 404 2399 gitaus3
424 2327 494 2391 ‘ubi
520 2330 676 2399 praecepta
696 2323 879 2398 sapientiae?
898 2327 947 2384 uhi
972 2334 1018 2385 tot
1038 2346 1088 2401 per
1107 2343 1152 2382 an·
1227 2354 1228 2391 1

292 2429 364 2481 ‘nos
378 2423 517 2479 meditata
531 2422 604 2479 ratio
617 2425 771 2481 maenum
783 2424 983 2485 inminentia?
1005 2428 1061 2487 Cui
1079 2425 1154 2482 enim
1227 2410 1228 2463 Ϊ

293 2520 444 2591 ‘ignaram
470 2519 557 2575 inisse
584 2521 740 2579 saevitiam
767 2523 916 2589 Neronis?
948 2525 1055 2602 Neque
1080 2522 1152 2581 atiud
1227 2576 1228 2591 ,

292 2621 471 2687 ‘superesse
504 2622 569 2689 post
610 2624 732 2678 matrem
766 2622 939 2697 fratremque
982 2625 1153 2688 interiectos,
1227 2652 1228 2679 n

291 2719 395 2785 ‘quam
409 2719 440 2768 nt
459 2715 624 2772 educatoris
648 2721 897 2795 praeceptorisque
924 2740 1030 2781 necem
1052 2720 1151 2779 adiice·
1227 2730 1228 2735 ’

239 2805 373 2867 63‘ret?
413 2810 475 2867 Vbi
491 2813 566 2871 haec
589 2820 676 2889 atque
696 2820 767 2874 tatia
781 2819 812 2875 in
839 2837 994 2877 commune
1015 2816 1150 2882 disseruit,
1227 2834 1228 2867 2

291 2910 494 2982 complectitur
513 2929 644 2981 uxorem,
669 2920 708 2987 pt,
736 2919 893 2989 pontidium
914 2920 1053 2976 adversus
1079 2932 1151 2990 prae·
1227 2916 1228 2921 ’

291 3014 404 3067 sentem
430 3009 627 3068 fortitudinem
649 3014 787 3079 moititus,
815 3021 896 3089 rogat
919 3023 1049 3092 oratque,
1068 3020 1150 3071 ‘tenr-

292 3115 425 3182 ‘peraret
452 3111 557 3174 dolori,
584 3129 640 3168 nec
667 3118 815 3170 aeternum
846 3115 1017 3186 susciperet,
1049 3115 1098 3171 sed
1121 3110 1150 3165 in
1227 3124 1228 3187 ᾗ

293 3208 559 3280 ‘contemplatione
574 3212 663 3275 vitae,
690 3228 741 3281 per
767 3211 904 3268 virtutem
929 3217 1023 3279 actae,
1046 3209 1150 3269 deside·
1227 3258 1228 3287 ,

293 3309 382 3365 ‘rium
397 3305 493 3365 mariti
506 3307 617 3363 solatiis
640 3308 768 3364 honestis
784 3309 937 3367 toleraret?
979 3313 1035 3368 itin
1048 3312 1151 3364 contras

292 3403 348 3463 stoi
370 3421 475 3480 qnoque
501 3402 666 3462 destinatum
692 3414 816 3473 inuitem,
842 3409 1005 3476 adseverat,
1032 3419 1151 3464 manum-

293 3521 348 3577 que
363 3501 536 3573 percussoris
555 3504 697 3576 exposcit.
740 3507 819 3564 'Punr
837 3508 961 3573 Seneca,
976 3506 1081 3580 gloriae
1094 3501 1153 3558 eiua

296 3616 358 3662 nou
372 3599 518 3667 adversus,
532 3599 617 3660 simul
640 3620 747 3677 amore,
760 3624 798 3666 ne
818 3605 874 3681 sibi
901 3605 987 3666 unice
1012 3604 1152 3665 diteetams
