2509 4292
1156 248 1168 285 t

295 341 366 407 110
606 359 791 410 eminuit
907 394 911 401 .
1018 363 1156 413 avam.

290 512 481 571 ambitionem
500 520 725 588 praeposteram,
737 520 770 574 ut
792 514 892 589 Eques
914 514 1069 574 Romarm
1086 515 1161 573 Con·

290 611 432 668 sularibus
446 612 576 685 potentia
590 620 770 686 aequaretur.
790 613 876 671 simol
895 614 1095 688 adquirendae
1114 629 1160 684 pe·

290 709 396 766 cuniae
411 710 528 767 brevius
538 708 595 766 iter
604 712 753 778 eradebat,
763 728 815 784 per
824 711 1046 785 procurationes
1055 709 1159 768 admin-

290 806 425 864 istrandis
440 807 584 881 Principis
607 808 743 883 negotiis.
785 809 870 866 idem
891 809 1053 867 Annaeum
1067 810 1156 866 Laea-

290 920 360 962 nam
371 910 519 978 genuerat,
532 908 644 979 grande
664 905 864 964 adiumentum
887 906 1086 965 claritudinis.
1105 919 1158 979 quo

289 1001 452 1069 interiecto,
471 1003 539 1059 dum
562 1019 623 1060 rem
647 1004 822 1061 lamiliarem
835 1005 898 1061 eius
911 1004 1022 1061 aeriter
1035 1002 1158 1076 requirit,

289 1100 488 1157 adensatorem
514 1101 648 1157 eoneivit
663 1102 788 1159 Fabium
797 1102 971 1167 Romanum,
986 1120 1029 1158 ex
1049 1098 1154 1158 intimis

289 1198 403 1256 Lucani
428 1198 541 1256 amieis.
582 1199 699 1257 ‘Misia
709 1200 787 1257 inter
800 1204 910 1272 patrem
924 1200 1077 1274 liliumque
1089 1213 1154 1255 oon·

288 1296 457 1370 ‘jurationis
471 1297 596 1354 seientia
609 1295 744 1371 tingitur?
756 1297 937 1354 adsimulatis
951 1297 1070 1356 Lucani
1083 1296 1153 1361 litte·

287 1392 335 1451 ris.
348 1410 420 1468 quas
431 1394 578 1468 inspectas
603 1396 685 1453 Nero
695 1392 776 1472 serti
796 1394 837 1452 od
856 1412 920 1452 eam
932 1396 1029 1460 iussit,
1051 1393 1149 1467 opibus

287 1491 351 1549 elus
374 1491 501 1550 inhians.
543 1493 586 1551 at
614 1493 716 1563 Melta,
746 1510 820 1566 quae
847 1498 909 1551 turn
936 1492 1150 1566 promptissima

255 1580 266 1597 ⁶
287 1589 387 1648 mortis
401 1589 460 1655 via,
481 1590 608 1648 exsolvit
624 1608 733 1647 venas:
755 1591 871 1663 seriptis
885 1590 1044 1657 codicillis,
1057 1589 1153 1665 quibus

287 1687 425 1760 grandem
441 1687 595 1759 panoniam
608 1687 640 1744 in
656 1688 848 1762 Tigellinum,
872 1706 1070 1763 generumque
1083 1686 1150 1750 eius,

190 1788 193 1809 ‘¹
288 1784 493 1843 Cossutianum
517 1785 702 1858 Capitonem,
726 1788 873 1861 erogabat,
896 1804 953 1861 quo
976 1794 1078 1845 cetera
1097 1798 1152 1840 ma·

287 1889 401 1942 nerent.
444 1883 572 1941 Additur
590 1884 746 1951 eodioiilis,
770 1891 916 1959 tamquam
938 1887 976 1942 de
1005 1882 1150 1957 iniquitate

287 1982 374 2040 exitii
388 2000 520 2057 querens,
537 1981 579 2038 ita
591 1982 765 2055 scripsisse:
785 1989 837 2040 ‘se
850 1983 967 2058 quidam
981 1981 1059 2041 mori
1069 1976 1149 2037 nullis
1219 2022 1220 2027 1

287 2082 441 2155 ‘supplicii
454 2081 584 2151 saussis3
607 2081 721 2140 Rufium
744 2087 841 2138 autern
855 2081 1028 2154 Crispinum
1038 2087 1068 2137 et
1083 2075 1149 2135 Asi·
1219 2068 1220 2099 ³

287 2181 385 2238 ‘oium
409 2182 559 2238 Cerialem
584 2180 646 2237 rita
670 2181 735 2245 irul,
757 2179 886 2237 infensos
911 2176 1064 2252 Principi'
1081 2189 1149 2250 quae

287 2280 450 2352 composita
463 2281 673 2347 credebanturr
693 2280 732 2335 do
745 2278 892 2351 Crispino,
902 2277 969 2348 quia
982 2275 1146 2336 interiectus

287 2383 359 2444 erat,
372 2379 410 2434 de
435 2378 563 2443 Ceriale,
577 2383 607 2434 ut
620 2376 839 2435 interflueretur.
864 2393 958 2449 neque
972 2376 1053 2433 enim
1066 2370 1148 2429 multe

288 2479 354 2547 post
368 2475 428 2531 vim
438 2474 495 2531 sibi
508 2475 621 2540 adtulit,
633 2474 743 2531 minore
758 2492 844 2548 quam
854 2473 947 2531 aeteri
959 2469 1145 2534 mirantium.

288 2571 356 2645 quia
369 2573 512 2644 proditam
527 2574 562 2630 C.
577 2574 698 2631 Caesari
711 2572 944 2631 maturationem
957 2573 996 2631 ab
1009 2590 1045 2630 eo
1057 2562 1146 2626 menti·

239 2668 277 2725 18
290 2675 402 2726 nerant.
444 2671 491 2725 De
506 2671 541 2728 C.
558 2672 698 2729 Petronio
712 2689 803 2744 panea
814 2688 900 2743 supra
909 2665 1143 2745 repetendarum·

289 2768 367 2826 Nam
381 2767 426 2824 illi
448 2767 511 2825 dies
536 2787 588 2842 per
610 2787 753 2836 somnum,
777 2787 837 2827 nox
858 2769 962 2828 officiis
985 2765 1144 2827 etobleolr·

289 2866 395 2926 mentis
407 2866 485 2924 vitae
501 2867 728 2940 transigebatur:
751 2873 838 2941 utque
857 2868 931 2925 alios
945 2864 1090 2929 industria,
1105 2858 1141 2916 ii⁸

288 2967 367 3024 hune
380 2965 499 3040 ignaria
512 2967 548 3022 ad
562 2965 667 3022 lamam
682 2968 857 3038 protuleratz
872 2967 1081 3040 habebaturque
1091 2971 1142 3016 11⁰ss

288 3081 384 3141 ganeo
404 3070 433 3121 et
466 3064 640 3138 profligator,
659 3069 690 3120 ul
723 3064 852 3139 plerique
875 3082 927 3121 sua
952 3057 1143 3121 bandarum.

288 3166 340 3222 sed
354 3162 466 3221 erudito
490 3165 568 3220 lusu.
610 3163 659 3219 Aa
672 3160 752 3218 diota
765 3162 900 3237 laetaque
913 3162 976 3219 eius
989 3163 1092 3238 quanto
1103 3167 1141 3208 ⁸⁰·

318 3358 411 3405 Grande
427 3356 583 3415 adjuratam
601 3354 755 3416 emritadiar'r]
786 3354 852 3402 Haec
867 3354 960 3402 audiant
970 3353 1053 3402 lucani
1067 3356 1139 3397 osum·

287 3430 370 3477 eosque
391 3416 537 3461 eonvitiorum
562 3414 653 3474 pudeat.
685 3414 745 3460 Nori
770 3414 873 3474 equidem
899 3414 1046 3460 adolescentis
1062 3410 1139 3470 poetae

287 3475 362 3536 patrui
372 3474 493 3534 aetatisque
503 3487 557 3518 arrae
566 3472 655 3519 sumbus
665 3472 728 3518 nimis
742 3472 911 3529 accommodati,
927 3472 995 3518 vitia·
1012 3471 1049 3518 sed
1058 3461 1139 3533 ΜΒ

286 3546 370 3638 ΐοῧιε,
379 3536 457 3577 vetere
466 3532 540 3577 lloma
548 3530 634 3589 dipnoa
644 3538 669 3578 et
682 3530 827 3577 fecundandis
841 3529 933 3589 ingeniis
943 3504 1037 3588 habiles,
1047 3532 1137 3587 suurltit

309 3606 323 3637 r
347 3624 353 3635 .
