2509 4292
104 379 220 433 acar.
322 383 395 433 nts.
423 384 495 437 xrr.
546 384 625 435 ear.
646 330 813 438 lfa—ii.
888 371 964 439 roe

101 536 173 610 ingia
192 536 282 594 vitiae
295 539 412 607 clausit,
431 540 709 613 iusss‘lmperatoris
730 542 847 601 Ostorio
859 545 959 615 aperit.
984 618 989 627 Ι

102 636 128 696 [a
147 639 343 699 fortitudinem
368 645 521 701 adversum
541 645 641 701 hostes
655 664 743 718 saepe
757 652 916 719 spectatam
929 650 961 707 in

102 753 129 793 se
149 742 242 798 vertit.
285 742 334 806 Et,
359 744 427 816 quia
451 761 555 810 venae,
579 760 753 818 quamquam
776 744 963 816 interruptae,

100 835 355 913 parnmsanguinis
369 839 565 907 effundebant,
589 843 732 899 hactenus
764 860 852 900 manu
883 843 963 900 servi

100 949 167 1001 nans,
188 946 216 992 ut
230 939 376 996 inmotum
390 940 545 1014 pugionem
559 944 722 1010 extolleret,
737 944 879 1015 adpressit
893 945 963 1000 dex-

101 1034 165 1090 tram
175 1035 245 1098 eius,
255 1038 413 1111 iuguloque
422 1040 557 1096 occurrit.
598 1038 696 1096 Etiam
707 1041 732 1096 si
742 1043 819 1098 betia
830 1053 962 1110 esterna,
975 1046 1015 1105 16

99 1136 124 1187 et
135 1133 223 1190 obitos
238 1155 290 1207 pro
305 1138 470 1210 Republica
485 1144 591 1195 mortes
603 1147 683 1195 tanta
695 1156 815 1195 casuum
829 1141 963 1199 similitu·

55 1244 74 1291 ζ
99 1226 160 1286 dine
183 1250 395 1299 memorarem
429 1253 532 1307 meque
559 1237 653 1308 ipsum
681 1239 800 1293 satietas
826 1239 963 1312 cepisset,

97 1326 263 1405 aliorumque
285 1335 418 1391 taedium
438 1343 651 1406 exspectarem,
677 1337 810 1410 quamvis
825 1337 962 1395 honestos

99 1424 198 1485 civium
212 1432 322 1494 exitus,
336 1433 433 1489 trister
448 1438 545 1490 tamen
560 1440 588 1488 et
612 1434 768 1491 continuos
790 1435 963 1508 adspernan-

100 1520 171 1581 tium.
214 1530 254 1585 At
269 1547 351 1586 uunc
367 1529 508 1600 patientia
529 1531 655 1598 sereitis,
669 1538 836 1606 tantumque
850 1532 963 1606 sangui·

100 1620 139 1677 nis
157 1625 232 1682 domi
262 1628 570 1711 perditum,liatigant
600 1624 738 1696 animum,
758 1636 789 1689 et
817 1631 963 1690 moestitia

100 1721 273 1795 restringunt.
319 1727 424 1800 Neque
444 1727 532 1786 aliam
552 1727 752 1786 defensionem
775 1731 812 1785 ab
835 1729 881 1796 iis,
901 1729 962 1804 qui·

100 1817 145 1876 bus
175 1823 228 1880 ista
262 1832 435 1893 noscentur,
467 1827 626 1899 exegerim,
659 1844 755 1900 quam,
789 1845 827 1884 ne
846 1829 962 1884 oderint

102 1920 152 1974 iam
170 1923 300 1995 segniter
322 1930 485 1996 pereuntes.
527 1924 575 1981 Ira
602 1925 653 1981 iiia
681 1920 842 1982 Nominum
862 1927 894 1982 in
915 1943 960 1982 res

103 2008 236 2076 Romanas
249 2020 318 2087 tuit,
332 2038 417 2096 quarn
432 2040 500 2088 non,
514 2028 545 2079 ut
568 2023 599 2079 in
622 2024 755 2095 cladibus
780 2023 961 2079 exercituum

102 2121 142 2169 aut
155 2119 328 2190 captivitate
342 2119 464 2183 urbium,
483 2121 573 2177 semet
599 2120 709 2179 editam
734 2106 855 2175 transire
880 2119 960 2178 iicet.

102 2209 184 2273 Detur
203 2218 260 2276 hoc
287 2219 452 2277 inlustrium
477 2222 604 2277 virorum
630 2217 801 2292 posteritati,
826 2222 865 2284 ut,
894 2234 961 2293 qno·

102 2314 175 2371 modo
186 2318 367 2395 exsequiis'a
382 2317 545 2390 promiscua
558 2319 706 2391 sepultura
719 2321 897 2388 separantur,
911 2317 962 2383 ita,

101 2403 127 2467 in
140 2414 291 2474 traditione
312 2434 518 2489 supremorum,
539 2416 688 2489 accipiant
702 2416 885 2491 habeantque
899 2432 962 2488 pro·

102 2509 182 2580 priam
192 2512 371 2573 memoriam.
413 2515 527 2572 Paucos
547 2514 654 2590 quippe
669 2514 744 2571 iutra
766 2513 1011 2592 dies,eodem·17

101 2610 213 2682 agmine,
244 2618 387 2672 Annaeus
418 2612 520 2682 Melta,
547 2612 672 2672 Cerialis
696 2613 829 2682 Anicius,
859 2614 960 2672 Rufius

101 2704 240 2781 Crispinus
255 2730 292 2769 ac
308 2708 345 2770 (i.¹
356 2710 510 2769 Petronius
521 2712 665 2770 cecidere.
707 2711 799 2771 Mella
809 2719 840 2770 et
851 2713 960 2788 Crispi·

104 2806 290 2884 nas,Eqpitee
311 2810 447 2875 Romani,
468 2810 611 2884 dignitate
637 2811 800 2870 senatoria.
820 2829 889 2869 nana
909 2812 958 2869 hic

101 2908 232 2977 quondam
251 2910 423 2968 Praefectus
437 2908 588 2978 Praetorii,
603 2914 633 2966 et
648 2906 854 2968 consuturibns
870 2910 958 2985 insig·

103 3001 175 3063 nibus
200 3009 335 3076 donatus,
361 3026 398 3065 ac
424 3026 516 3082 nuper
541 3007 664 3065 crirniue
691 3007 900 3066 coniurationis
926 3008 958 3066 in

104 3098 257 3165 Sardiniam
287 3116 420 3175 exactus,
446 3110 571 3179 accepto
600 3107 696 3163 iussae
715 3106 825 3163 'mortis
846 3105 959 3173 nuntio,

103 3183 184 3261 semet
205 3203 362 3263 interfecit.
405 3204 507 3272 Merra,
531 3206 633 3279 quibus
658 3204 759 3261 carno
782 3209 812 3261 et
833 3200 959 3272 seneca,

103 3304 257 3368 parentibus
273 3308 369 3373 natus,
392 3303 534 3378 petitione
548 3305 690 3361 honorum
714 3299 893 3357 abstinuerat
907 3318 958 3374 per
1043 3364 1045 3369 χ
1102 3350 1105 3359 ,

128 3492 239 3552 Dimum
255 3497 382 3559 Senatorio]
421 3496 475 3545 Non
497 3496 559 3544 enim*
575 3506 657 3545 revera
679 3494 805 3556 Senatores,
824 3495 864 3544 sed
882 3509 897 3542 n
912 3494 1010 3551 those
1074 3501 1075 3504 ’

105 3609 205 3670 rurist,

138 3709 257 3757 vonis.
303 3776 305 3779 v
544 3699 614 3781 Δ10,
687 3712 691 3719 ’

104 3554 244 3612 resplendere
253 3558 324 3606 cuirts
333 3559 468 3624 Senatorum
482 3565 555 3617 pares.
587 3554 683 3618 Equites
693 3551 797 3607 ittnrtr'es.
814 3554 876 3614 irps.
919 3556 968 3629 ade*
985 3552 1171 3621 gg
1211 3536 1214 3545 ’
