2509 4292
257 350 306 415 ott
580 363 765 413 annamvu
979 363 1054 412 av.
1070 365 1132 413 ara.

256 521 313 578 lat:
333 516 440 592 quippe
452 533 584 592 egressus
606 517 750 575 Armenia
774 515 922 591 Tigranes
939 515 1132 585 Adiabenos,

255 617 468 676 conterminam
482 617 639 683 nationem,
660 616 747 673 latius
774 616 941 681 semotius,
962 633 1048 690 quam
1071 633 1130 687 per

255 715 419 784 latrocinia,
466 721 654 772 vastaverat:
689 716 776 788 idque
820 717 959 787 primores
991 716 1130 789 gentium

256 831 348 890 aegre
370 815 552 872 tolerabant:
574 820 630 871 ‘eo
650 814 861 886 contemptioui
885 816 1068 880 descensum,
1094 818 1131 871 ut

256 919 265 946 ‘
280 932 317 971 ne
333 914 418 970 Duce
428 912 545 986 quidem
567 913 701 971 Romano
724 912 947 979 incursarentur,
967 915 1020 969 seal
1034 922 1131 971 teme·

255 1013 359 1070 ‘ritate
378 1012 497 1078 obsidis,
513 1015 556 1081 tol
577 1029 628 1084 per
650 1028 742 1068 annos
757 1012 833 1066 inter
848 1011 994 1083 mancipia
1009 1011 1128 1068 habiti?

257 1111 450 1171 Aooendebat
464 1110 593 1166 dolorem
607 1126 707 1166 eorum
724 1109 911 1174 Monobazus,
932 1127 1019 1184 quem
1033 1128 1130 1183 penes

258 1209 445 1269 Adiabenum
469 1207 607 1282 regimen,
639 1209 731 1283 ‘quod
756 1208 941 1280 praesidium,
964 1215 1013 1265 aut
1044 1211 1128 1266 unde

256 1314 264 1340 ⁴
280 1312 391 1380 peteret
402 1304 428 1363 l*
439 1307 577 1380 rogitans
618 1313 626 1337 ‘
641 1306 705 1362 lam
718 1307 755 1363 de
777 1307 919 1364 Armenia
932 1324 1125 1364 conoessum:

256 1405 408 1479 ‘proxima
419 1405 503 1471 trahi,
524 1400 762 1463 niai'delendant
776 1404 893 1461 Parthi:
915 1405 1009 1461 levius
1032 1405 1126 1462 servi·

256 1503 351 1561 ‘tium
374 1504 450 1575 apud
479 1504 624 1561 Romanm
651 1502 769 1568 deditis,
798 1520 885 1574 ouem
906 1504 1011 1574 captis,
1037 1501 1125 1560 eam!

257 1601 410 1659 Tiridates
433 1618 546 1676 qunque
568 1600 665 1675 Regni
690 1600 833 1674 profugus,
847 1601 1059 1672 pernitentium
1074 1605 1128 1659 aut

257 1707 265 1731 ‘
278 1699 392 1757 modice
403 1701 558 1772 querendo,
571 1700 688 1772 gravior
701 1705 771 1756 erat.
812 1701 899 1756 ‘Non
913 1700 992 1756 enim
1004 1700 1128 1773 ignavia

257 1803 387 1869 ‘magna
417 1798 538 1869 imperia
572 1798 736 1854 contineri:
773 1798 899 1856 virorum
922 1816 1124 1871 armorumque

256 1895 441 1952 ‘laciendum
452 1902 610 1952 certamen.
652 1896 689 1953 ld
703 1898 732 1953 in
746 1912 857 1954 summa
871 1897 984 1955 fortuna
993 1897 1125 1970 aequius,

257 1996 356 2069 ‘quod
383 1993 517 2051 validius.
558 1994 597 2051 Et
625 2011 678 2052 sua
697 1996 832 2063 retinere,
848 1995 978 2067 privatae
999 1997 1125 2053 domus:

223 2094 312 2162 2‘tle
335 2093 439 2151 alienis
471 2100 592 2160 certare,
613 2093 736 2167 Regiam
766 2096 880 2151 laudem
900 2093 986 2150 ease?
1027 2095 1124 2167 Igitur

256 2200 419 2277 summotus
439 2191 485 2249 his
505 2192 668 2265 Vologeses
688 2192 1009 2257 concinnamenta
1029 2192 1128 2263 proxi·

258 2306 347 2347 mum
374 2291 430 2347 sibi
450 2290 606 2347 Tiridaten
626 2290 788 2355 constituit,
816 2297 904 2364 atque
934 2290 975 2347 ita
995 2291 1128 2349 orditur:

252 2395 260 2423 ‘
283 2389 371 2445 Hune
386 2405 450 2461 ego,
465 2390 568 2445 eodem
582 2405 696 2445 meeum
705 2395 786 2460 patre
799 2388 939 2462 genitum,
960 2405 1026 2445 oum
1040 2387 1127 2467 milri,

253 2489 322 2558 ‘per
350 2489 486 2552 aetatem,
510 2502 622 2543 summo
635 2487 752 2545 nomine
779 2487 984 2554 concessisset,
1005 2486 1039 2544 in
1060 2504 1125 2559 pos-

253 2583 435 2638 ‘aessionem
459 2582 618 2641 Armeniae
638 2586 768 2655 deduxi3
788 2585 838 2659 qui
857 2585 959 2643 tertius
973 2585 1125 2658 potentiae

253 2680 380 2754 ‘gradus
403 2680 535 2736 habetur.
557 2699 625 2738 nam
641 2683 744 2739 Medos
759 2684 885 2741 Pacorus
908 2689 976 2740 ante
996 2688 1126 2755 ceperat.

255 2786 263 2814 ‘
279 2778 469 2852 videbarque,
488 2786 590 2838 eontra
621 2787 723 2838 vetera
742 2783 861 2853 fratrum
892 2783 960 2840 odia
980 2789 1016 2839 et
1030 2788 1125 2841 osma

259 2876 368 2944 ‘mina
387 2877 515 2939 familiae
543 2886 658 2937 nostrae
687 2880 814 2943 Penates
838 2881 895 2939 rite
915 2882 1126 2954 comperuisse.

257 2976 435 3052 ‘prohibent
450 2977 586 3045 Romani,
605 2984 637 3036 et
658 2995 772 3052 panem,
792 2979 864 3052 ipsis
878 2996 1034 3054 numquam
1050 2998 1129 3053 pros·

259 3080 346 3152 ‘pere
381 3076 553 3144 lacessitam,
587 3058 670 3135 nune¹
693 3095 804 3152 quoque
824 3078 856 3136 in
889 3079 1012 3136 exitium
1040 3096 1126 3138 suurn

263 3178 467 3247 ‘abrumpunt
517 3176 587 3235 Non
619 3176 670 3233 ibo
698 3177 827 3233 inficias:
869 3177 1016 3252 aequitate
1040 3195 1127 3252 quam

261 3274 435 3347 ‘sanguine
448 3291 550 3333 caussa
569 3292 656 3348 quam
676 3275 772 3342 armis,
791 3275 916 3333 retinere
938 3283 1018 3348 parta
1039 3276 1129 3335 nasio

261 3372 359 3429 ‘ribus
379 3374 544 3429 malueram.
566 3373 591 3430 si
611 3373 800 3431 annotatione
813 3375 933 3449 deliqui,
945 3375 1053 3434 virtute
1063 3392 1128 3433 eor·

260 3469 380 3542 ‘rigam
421 3470 529 3528 Vestra
543 3472 658 3545 quidem
674 3473 719 3530 vis
743 3480 774 3530 et
787 3472 880 3548 gloria
897 3473 928 3532 iu
943 3472 1060 3549 integro
1072 3478 1129 3541 est,

288 3619 433 3682 armenam]
465 3622 501 3670 De
510 3624 553 3671 hoc
562 3625 589 3673 el.
601 3625 769 3687 leonnatus.
