2509 4292
297 315 367 387 lot
574 332 827 385 nmroarsnrrr
1015 332 1163 385 nvem.

292 489 349 550 lisa
378 486 524 550 nm.
556 504 613 547 nen
633 485 761 545 interluit
783 485 991 556 oecideotiuns,
1017 486 1087 561 quid
1119 488 1163 545 stl-

292 599 383 648 oeret.
438 592 485 648 lie
517 603 681 660 percussere
708 603 767 644 aon
799 587 871 643 eatis
897 592 1024 643 constat.
1043 585 1163 659 quidam

293 688 486 745 ‘'terentium
512 682 693 748 Evocatum'
720 684 772 741 atii
794 685 977 742 ‘Lemnium
986 682 1004 754 ς’
1036 671 1164 741 cretuior

293 785 494 843 lamatrsrlitlit
504 782 687 840 ‘Camurium
697 782 949 856 quintaedecimae
964 781 1092 854 legionis
1102 782 1165 841 rnil-

295 884 395 943 ‘itenn
409 884 539 952 inpresso
548 881 657 954 gladio,
670 882 801 955 iugulum
813 881 876 938 eius
888 879 1043 938 hamum!
1063 879 1166 938 Ceteri

294 998 377 1041 crura
392 980 659 1052 methimannum
682 985 783 1053 pectus
807 981 965 1054 tegebatur,
989 979 1078 1037 toene
1091 978 1166 1036 lani·

294 1095 399 1136 evsre:
420 1079 554 1149 pleraque
580 1081 702 1136 vmaers
722 1078 837 1135 lerimte
858 1083 888 1133 et
912 1075 1041 1139 ¹solstitio
1059 1084 1165 1134 trunco

240 1147 351 1234 stam
370 1174 470 1245 copon
491 1175 615 1232 misen
658 1175 762 1232 aarum
782 1175 851 1231 aare
875 1174 999 1231 varum
1013 1175 1163 1232 ruem.

292 1276 329 1332 de
343 1290 400 1345 quo
413 1280 441 1328 et
457 1272 520 1341 ipso
538 1273 701 1345 ambigitur,
716 1272 964 1344 consumpseritne
979 1287 1086 1329 vocem
1099 1273 1166 1331 eins

292 1370 404 1428 instans
419 1377 521 1435 metus,
534 1388 571 1426 an
587 1369 898 1442 proclamorum
910 1385 969 1427 esse
993 1368 1029 1425 ab
1051 1367 1166 1427 oum

290 1465 463 1533 nudemus,
485 1473 518 1524 ut
537 1466 712 1524 madenam.
761 1467 848 1538 Quou
873 1484 924 1523 seu
952 1467 1038 1524 insit
1064 1467 1166 1527 tormi-

293 1566 373 1631 (line,
392 1583 443 1621 seu
466 1567 676 1622 conscientiam
702 1564 911 1622 coniurationis
930 1564 1165 1624 conlesarsests

292 1664 350 1721 buc
371 1664 465 1735 potius
489 1664 551 1720 eius
573 1663 635 1719 vila
653 1662 785 1735 latusque
807 1662 941 1731 inclinat,
964 1667 997 1720 ut
1021 1665 1166 1721 conamen

291 1762 410 1819 sceleris
431 1761 628 1826 luminosius
651 1767 845 1819 sanuserat.
888 1764 968 1819 Ante
991 1763 1096 1820 adem
1119 1765 1165 1822 D.

292 1858 361 1917 Iulii
375 1860 473 1925 iacuit,
488 1860 581 1931 primo
604 1860 665 1916 ictu
694 1858 725 1915 iu
753 1858 901 1931 poplitem,
921 1876 992 1918 mox
1015 1861 1054 1917 ab
1081 1862 1165 1920 lulio

293 1957 377 2026 Caro,
398 1956 557 2030 legionario
580 1957 683 2022 milite,
705 1962 853 2030 utrumque
876 1960 950 2014 tetus
974 1958 1163 2017 transverbe-

239 2041 377 2113 ⁴13rstus.
419 2056 566 2129 insignem
588 2056 640 2111 illa
661 2054 709 2111 die
732 2054 826 2112 sirum
848 2055 1050 2128 Sempronium
1076 2058 1162 2115 Den-

293 2173 357 2213 sum
377 2159 458 2212 aetas
479 2161 573 2212 nostra
595 2154 677 2211 vidit
718 2151 858 2211 Centurio
877 2155 902 2210 is
924 2153 1089 2213 Praeterire
1107 2172 1163 2213 co·

292 2253 391 2318 bortis,
418 2270 436 2309 a
463 2253 558 2310 Galba
583 2250 733 2308 custodiae
760 2250 876 2309 Pisonis
903 2252 1027 2320 additus,
1051 2254 1161 2312 stricto

291 2352 418 2426 pugione
431 2367 586 2408 occurrens
609 2348 727 2407 armetis
749 2354 780 2407 et
801 2338 896 2407 scelus
919 2352 1107 2424 exprobrans,
1120 2368 1159 2409 se
1241 2348 1242 2357 ’

172 2447 175 2453 ’
292 2450 378 2505 modo
392 2465 487 2514 manu,
503 2449 588 2504 modo
602 2464 685 2515 voce,
700 2449 842 2505 vertendo
854 2447 886 2505 in
908 2464 941 2505 se
965 2465 1160 2521 percussores,

290 2561 461 2618 quamquam
487 2549 639 2602 vulnerato
670 2544 770 2602 Pisoni
798 2546 935 2620 effugium
950 2546 1044 2603 ueuu
1085 2547 1159 2606 Piso

290 2640 322 2698 in
336 2642 438 2697 aedem
452 2641 564 2699 Vestae
583 2642 721 2716 pervasit,
744 2649 939 2718 exceptioque
959 2644 1159 2703 misericordia

289 2736 399 2813 publici
422 2739 500 2795 servi
514 2744 544 2796 et
567 2741 759 2799 contubernio
782 2742 844 2800 eius
865 2742 986 2812 abditus,
1009 2759 1067 2799 non
1088 2744 1158 2800 reli-

288 2835 386 2911 gione,
411 2853 467 2893 nec
490 2838 686 2906 caerimoniis,
713 2841 765 2897 sed
791 2841 901 2898 latebre
923 2839 1066 2897 inminens
1089 2839 1154 2907 exi·

290 2933 362 2992 tium
385 2934 551 2992 differebat:
572 2953 638 2993 cum
658 2938 815 3005 advenere,
839 2938 927 2995 missu
949 2937 1082 3004 Othonis,
1103 2955 1155 2996 no·

290 3032 421 3090 minatim
436 3032 466 3089 in
488 3035 609 3092 caedem
622 3033 685 3092 eius
699 3036 843 3103 ardentes,
867 3035 1014 3107 Sulpicius
1039 3036 1155 3109 Florrrs,

290 3148 307 3188 e
321 3130 499 3189 Britannicis
523 3132 698 3199 cohortibus,
723 3150 843 3206 nupera
858 3132 954 3191 Galba
966 3133 1093 3191 civitate
1106 3136 1155 3192 do·

287 3236 380 3298 natue,
410 3235 439 3287 et
474 3230 583 3288 Statius
619 3230 746 3298 Murcus,
782 3233 960 3305 speculator:
997 3249 1016 3288 a
1047 3232 1152 3306 quibu

233 3318 278 3376 44
288 3334 446 3402 protractus
467 3327 544 3395 Piso,
567 3328 599 3386 in
620 3328 727 3385 loribus
749 3331 850 3405 templi
871 3327 1038 3387 trucidatur.
1082 3331 1154 3388 Nul-

287 3429 346 3483 lam
369 3428 490 3483 caedem
505 3427 583 3503 Otho
596 3427 704 3484 maiore
726 3428 837 3487 laetitia
858 3428 1023 3501 excepisse,
1041 3430 1153 3487 nullum

287 3529 374 3595 ceput
401 3531 459 3580 tam
474 3524 686 3583 insatiabilibus
709 3526 802 3584 ocutis
821 3528 1009 3599 perlustrasse
1027 3526 1158 3587 dicitur:
