2509 4292
106 389 134 437 a,
151 387 237 435 nes.
364 382 434 429 nm.
468 381 526 429 xv.
578 381 658 428 car.
684 361 802 429 5.-7.
935 363 983 430 aa

104 539 216 597 ‘minis
231 534 364 611 patrata‚'
373 535 526 610 magnifiee
537 536 730 592 extollebant.
767 534 982 602 Alii‘oeralle

105 634 297 712 ‘pepigisse'
319 636 599 706 interpretabantur3
621 639 682 700 ‘ul‚
711 633 820 690 omaso
843 634 983 707 utrimque

107 738 211 794 ‘bello
234 741 266 792 et
288 734 416 791 abeunte
440 732 599 805 Vologese,
622 732 771 805 Tigranes
795 748 909 804 quoque
930 733 983 789 Ar·

106 834 229 890 ‘menia
245 834 428 889 abscederet.
468 831 529 888 Cur
541 830 621 888 enirn
640 831 803 887 exereitum
819 831 985 887 Romanum

103 939 143 988 ‘a
158 930 380 1004 Tigranoeertis
400 925 581 986 desuetum?
599 947 652 985 eur
664 930 780 985 deserta
804 947 856 1001 per
880 928 983 995 otium,

106 1034 200 1105 ‘quae
229 1033 308 1087 bello
333 1026 545 1088 defenderant?
568 1030 617 1089 An
646 1028 749 1086 melios
777 1029 982 1085 hibernavisse

106 1129 159 1186 ‘in
194 1136 328 1186 extrema
353 1127 552 1202 Cappadocia,
576 1126 681 1199 raptim
711 1128 818 1184 erretis
852 1126 983 1200 tuguriis.

105 1234 215 1301 ‘quam
229 1228 261 1283 in
274 1229 345 1284 sede
360 1227 456 1301 Regni
482 1227 568 1283 modo
592 1223 722 1283 retenti?
744 1227 844 1282 Dilata
869 1241 983 1298 prorsus

104 1331 218 1388 ‘arrum
240 1330 270 1383 ut
282 1327 446 1399 Vologeses
460 1342 527 1381 eum
553 1324 622 1391 alio,
636 1342 722 1398 quam
735 1342 802 1381 eum
816 1325 982 1381 Corbulone

105 1427 275 1480 ‘certarem
311 1424 440 1481 Corbulo
467 1424 588 1480 meritae
608 1429 653 1479 tot
679 1441 730 1496 per
756 1440 848 1481 annos
871 1423 982 1495 gloriae

106 1528 187 1579 ‘non
202 1524 278 1579 ultra
298 1523 459 1594 perieulum
483 1521 613 1578 lauerat?
654 1521 743 1585 Nam,
756 1526 788 1577 ul
802 1522 895 1586 retuli,
920 1536 983 1592 pro·

106 1621 201 1693 prium
229 1621 345 1677 Ducem
363 1622 487 1677 tuendae
514 1618 673 1677 Armeniae
696 1626 875 1692 poposcerat,
891 1625 921 1676 et
935 1619 983 1676 ad·

107 1726 233 1776 ventare
261 1718 445 1776 Caesennius
467 1719 574 1775 Partus
596 1718 783 1796 audiebatur:
806 1720 920 1792 iamque
933 1717 982 1774 ad·

106 1825 180 1885 erat,
205 1817 300 1889 copiis
328 1819 370 1873 ita
383 1816 495 1883 diviris,
520 1825 551 1872 ul
574 1823 676 1890 quarta
695 1824 726 1873 et
749 1818 922 1874 duodecima
943 1819 983 1873 le·

107 1916 221 1990 ginnas,
246 1915 346 1972 addita
359 1890 475 1989 quium
491 1932 565 1989 qnae
586 1930 720 1972 renense
746 1916 857 1972 Moesia
881 1915 983 1970 exeita

108 2021 179 2079 erat,
200 2015 286 2069 simul
316 2013 441 2089 Pontius
463 2019 495 2070 et
516 2015 688 2071 Galatarum
717 2015 983 2086 Cappadocumque

109 2111 220 2169 auxilia
236 2112 328 2168 Paeto
339 2113 510 2169 obedirent:
532 2113 617 2170 tertia
628 2120 660 2166 et
673 2120 758 2167 senta
772 2119 803 2166 et
815 2110 931 2166 decima
945 2110 983 2165 le-

113 2211 228 2284 giones,
243 2210 374 2284 priorque
389 2213 494 2284 Syriae
508 2213 602 2275 alites,
616 2211 692 2282 apud
710 2210 906 2266 Corbulonem
926 2224 983 2265 rna·

111 2314 225 2365 nerent.
255 2310 362 2366 Cetera
376 2327 414 2365 ex
432 2327 524 2366 rerum
536 2322 587 2365 usu
601 2309 747 2364 sociarent
763 2307 982 2381 partirenturre.

111 2407 171 2465 Sed
192 2424 288 2479 neque
313 2408 442 2465 Corbulo
454 2407 569 2465 aemulix
586 2408 719 2481 patiens3
740 2416 770 2463 et
800 2407 914 2473 Paetus,
934 2406 983 2464 eui

110 2508 181 2563 salis
195 2509 232 2562 ad
247 2507 368 2579 gloriam
383 2516 454 2574 erat,
465 2508 490 2563 si
505 2509 650 2581 proximus
665 2509 826 2573 baberetur,
840 2507 983 2579 despaieie·

111 2606 159 2662 bet
172 2611 266 2678 gesta,
281 2606 374 2662 ‘nibil
388 2607 496 2670 saedis,
512 2612 560 2663 aut
576 2608 708 2677 annedae,
729 2613 877 2677 usurpatas
892 2607 982 2665 nomi·
1061 2678 1063 2689 Α

112 2707 165 2759 ‘ne
179 2709 266 2760 tenus
278 2704 389 2760 urbium
400 2702 802 2777 expugnationes’rliulitans:
817 2716 866 2760 ‘se
875 2707 982 2763 tributa

112 2805 163 2859 ‘te
175 2805 266 2873 leges,
281 2807 321 2867 al,
332 2819 382 2874 pro
391 2804 488 2858 umbra
498 2802 598 2875 Regis,
610 2803 771 2859 Romanum
780 2805 824 2859 ina
836 2805 924 2861 vietis
938 2804 981 2860 in·

110 2897 310 2972 ‘positurum'
341 2901 402 2956 Sub
412 2901 492 2956 idem
506 2892 617 2972 tempus
632 2902 721 2974 legati
736 2902 898 2976 Vologesis,
910 2889 1010 2975 quos?

114 2998 148 3054 ad
162 2998 331 3068 Principem
345 2998 448 3054 missos
463 3000 632 3068 memoravi,
646 3007 791 3057 revertere
804 3001 901 3057 inriti:
923 3001 981 3055 bel·

114 3095 226 3169 luraque
256 3097 404 3167 propalam
424 3106 569 3169 sumptum
597 3115 614 3153 a
643 3098 844 3155 Parthienen
873 3098 980 3152 Paetus

116 3193 301 3259 detrectarit,
321 3195 372 3250 sed
394 3196 504 3252 duabus
526 3196 696 3269 legionibus,
718 3214 835 3269 quanrm
849 3201 979 3267 (poariam

117 3289 521 3349 Funisulanus‘Vellonianus
535 3310 571 3349 eo
585 3295 763 3367 intempore,
777 3293 979 3349 ‹luorleeimanr

121 3387 256 3445 Calavius
279 3389 413 3459 Sabinus,
429 3393 576 3464 regebant,
594 3392 764 3448 Armeniam
792 3391 888 3460 intrat,
917 3390 978 3445 tris·

120 3484 140 3542 li
164 3486 271 3543 omine.
324 3488 402 3544 Naru
431 3488 462 3545 in
491 3494 667 3565 transgressu
696 3490 860 3564 Euphratis,
894 3506 980 3564 quem

149 3637 179 3683 Ul
188 3638 267 3698 retuli]
298 3639 355 3700 Cap.
366 3645 388 3688 3.

156 3716 222 3758 von.
245 3717 283 3756 11.
562 3706 605 3760 5*
