2509 4292
136 292 167 338 s.
185 290 214 339 c.
230 292 269 339 sr.
344 291 415 339 ura.
440 289 512 339 avr.
563 282 644 339 car.
669 274 838 340 20.-22
943 274 1012 339 113

135 440 241 501 habitu
269 443 382 517 tragico
407 444 565 502 cecinerat.
589 445 639 502 die
666 462 790 520 quoque,
807 462 865 520 qno
889 444 1013 503 Praetor

135 542 348 609 antistianus
362 544 465 615 probra
485 543 515 600 in
532 544 682 600 Neronem
703 542 875 615 composita,
888 544 925 599 ad
939 560 1012 601 mor

133 646 196 697 tem
225 641 426 707 damnabatur,
454 640 568 697 mitiora
595 640 711 699 censuit
740 639 941 713 obtinuitque:
972 648 1013 709 et,

132 754 202 795 cum
219 739 315 795 Deum
329 739 453 795 honores
479 738 633 810 Poppaeae
655 738 893 804 decernerentur,
908 745 1012 811 sponte

135 837 254 901 absens,
268 836 364 893 funeri
377 852 436 892 non
451 835 589 893 interfuit.
608 822 610 831 ’
631 836 715 908 Quae
729 835 892 893 oblitterari
906 855 964 894 uon
975 836 1012 894 si·

136 937 229 992 nebat
243 934 350 1006 Capito
364 934 565 1000 Cossutianus,
579 942 694 1007 praeter
707 934 836 992 animum
850 936 887 993 ad
902 936 1013 1010 flagitia

131 1031 340 1106 praecipitem,
372 1032 510 1089 iuimicus
544 1032 705 1098 Thraseae,
735 1035 811 1107 quod
839 1034 1012 1093 auctoritate

134 1130 202 1186 eius
224 1130 412 1196 concidisset,
427 1130 556 1187 iuvantis
578 1130 706 1188 Cilicum
727 1133 845 1204 legatos,
859 1134 927 1191 dum
956 1135 1012 1193 Oa·

133 1228 268 1302 pitonem
279 1229 501 1300 repetundarum
515 1228 704 1302 interrogant.
747 1231 824 1301 Quin
846 1238 875 1287 et
890 1232 941 1288 itta
961 1235 1009 1290 oh
1020 1233 1063 1292 22

136 1326 289 1383 iactabat:
309 1326 475 1399 ‘principio
496 1327 566 1384 anui
583 1326 677 1383 vitare
700 1328 864 1386 Thraseam
887 1333 1009 1389 solenne

133 1429 142 1457 ⁶
155 1424 374 1481 iusiurandum:
395 1408 661 1497 nuncupationibus
676 1432 808 1483 votorum
823 1445 880 1485 non
896 1430 1009 1499 adesse,

135 1522 293 1596 ‘quamvis
325 1522 590 1595 quindecimvirali
624 1525 797 1581 sacerdotio
830 1527 1008 1598 praeditum:

134 1627 305 1692 ‘nunquam
318 1637 372 1693 pro
385 1623 478 1677 sainte
493 1620 650 1694 Principis,
673 1627 722 1678 aut
741 1625 863 1681 molesti
878 1642 953 1683 voce
967 1626 1010 1685 iu·
1046 1654 1052 1669 ·

136 1716 335 1797 ‘mutavissez
356 1718 507 1775 adsiduum
521 1718 592 1775 oiim
615 1725 645 1776 et
672 1719 858 1788 indefessum,
878 1724 926 1798 qui
948 1728 1010 1783 vui-

134 1816 274 1889 ‘garihus
287 1834 398 1890 quoque
414 1815 533 1873 Patruus
546 1818 688 1887 consuitis
702 1818 790 1877 temet
806 1820 945 1880 fautorem
959 1830 1010 1881 aut

136 1912 357 1969 ‘adversarium
390 1915 566 1981 ostenderet,
600 1915 728 1973 triennio
760 1935 820 1974 non
862 1919 1009 1979 introiisse

135 2016 144 2043 ⁴
156 2011 286 2067 curiam:
308 2013 537 2085 nuperrimeque,
550 2029 618 2070 cum
632 2014 669 2069 ad
683 2016 862 2072 coercendos
876 2016 1009 2074 Sitonum

134 2114 188 2165 ‘et
202 2109 343 2165 Veterem
357 2110 491 2167 certatim
514 2118 743 2178 concurreretur,
766 2112 888 2184 privatis
915 2116 1009 2187 potius

133 2207 309 2264 ‘clientium
324 2207 448 2280 negotiis
463 2208 626 2265 vacavisse.
641 2209 838 2267 secessionem
852 2210 910 2268 iam
924 2213 954 2269 id
978 2220 1010 2271 et

135 2312 144 2338 ‘
158 2314 272 2378 partem
287 2312 326 2371 et,
339 2306 365 2362 si
378 2306 456 2364 idem
471 2307 555 2364 motti
568 2308 706 2374 audeant,
720 2309 827 2365 betium
851 2327 924 2368 esse.
965 2310 1010 2371 vt

134 2407 303 2478 ‘quondam
331 2405 366 2462 O.
393 2404 570 2471 Caesarem,’
593 2406 698 2479 inquit,
713 2411 761 2463 ‘et
789 2406 830 2464 Μ.
853 2408 1006 2480 catonem,

132 2502 197 2559 ‘ita
211 2518 291 2559 nunc
305 2509 343 2569 te,
358 2504 448 2569 Nero,
462 2510 493 2559 et
508 2504 673 2560 Thraseam
686 2506 775 2561 avida
799 2506 1006 2568 discordiarum

130 2601 263 2658 ‘civitas
288 2601 421 2675 loquitur.
463 2602 502 2658 Et
527 2603 615 2659 hahet
641 2610 809 2672 sectatores,
837 2606 883 2663 vei
911 2609 1006 2681 potius

129 2701 308 2763 ‘satellites
322 2702 371 2773 qui
396 2702 523 2758 nondum
548 2701 762 2759 contumaciam
786 2708 1005 2776 sententiarum,

131 2800 205 2854 ‘sesi
235 2797 367 2854 habitum
395 2801 564 2873 vultumque
589 2800 652 2857 eius
678 2806 834 2869 sectantur,
862 2803 946 2878 rigidi
973 2812 1005 2864 et

129 2895 263 2963 ‘tristes
287 2913 344 2969 quo
367 2896 422 2953 tibi
446 2896 601 2954 lasciviam
629 2902 812 2972 exprobrent.
854 2900 931 2960 Huic
952 2906 1004 2962 uui

129 2994 340 3051 ‘incolumitas
356 2999 413 3059 tua,
427 3001 493 3051 tuae
507 3002 592 3061 artes,
607 2997 671 3053 sine
687 2999 804 3055 honore.
845 3000 1002 3073 Prosperae

126 3097 140 3155 ‚⁶
153 3091 302 3165 Principis
326 3109 369 3148 res
383 3093 511 3165 spernit:
533 3096 660 3151 etiamne
675 3096 800 3152 luctibus
814 3103 843 3152 et
857 3099 1004 3157 doloribus

130 3196 211 3246 ‘non
225 3186 373 3247 satiatur?
413 3191 551 3247 Eiusdem
574 3192 665 3250 animi
686 3198 740 3259 est,
763 3193 926 3265 Poppaeam
951 3197 1003 3253 Di·

129 3293 220 3343 ‘vam
243 3305 301 3343 non
322 3289 450 3353 credere,
464 3289 546 3347 cuius
559 3291 590 3347 io
609 3296 676 3347 acta
698 3291 735 3345 D.
762 3291 895 3361 Augusti,
916 3300 945 3349 et
961 3295 999 3352 D.

128 3384 221 3440 ⁴1urti
245 3402 304 3442 uon
323 3385 426 3442 iurare.
468 3386 764 3467 Spernitretigiones,
777 3389 897 3462 abrogat
912 3394 1000 3467 teges.

127 3482 268 3540 ‘Diurna
296 3483 402 3558 Populi
425 3485 552 3547 Romani
568 3504 627 3559 per
649 3484 824 3559 provincias,
845 3507 895 3564 per
918 3509 1001 3564 exsr-

170 3597 240 3639 vou.
262 3599 298 3638 rr.
579 3581 645 3641 10*
