2509 4292
86 369 109 416 r.
123 366 197 436 cer
293 367 362 415 ura„
387 367 460 415 xvr.
511 367 592 414 ceo.
617 346 787 416 27.-30.
865 349 934 417 117

84 521 233 593 ‘generum
247 519 504 586 eioeflelvidium
527 519 670 586 Priamum,
688 521 721 578 in
739 521 844 579 iisdem
864 521 937 582 luro-

85 616 176 683 ‘sibun
194 618 278 675 simul
296 619 454 677 Paconium
467 619 674 693 Agrippinum,
682 620 803 692 paterni
815 621 845 677 is
857 621 938 680 Prin·

85 714 174 787 ‘cipes
187 716 247 773 odii
267 718 415 784 heredem,
427 724 458 774 et
482 718 615 775 Curtium
641 717 827 784 Montanum,
846 720 940 776 detes·

85 814 318 873 'tandacarmiua
340 815 534 879 iactitantem.
544 816 663 873 eludere
676 815 786 888 inpune
799 816 940 875 sinerent.

85 910 246 984 ‘Requirere
265 931 299 970 se
320 915 353 971 in
375 915 487 971 Senatu
510 914 712 980 contritorem,
733 914 763 970 in
784 915 863 971 votis
889 916 941 973 Ss-

86 1011 244 1078 ‘cerdotem
269 1012 300 1069 in
325 1012 511 1089 iureiurando
523 1012 641 1070 civem:
662 1012 731 1077 nisi,
745 1012 942 1071 contra-insli-

87 1111 157 1164 ‘tuts
178 1114 205 1165 el
227 1110 408 1168 cerimonias
422 1112 573 1176 maiorum,
592 1110 767 1184 proditorem
789 1113 890 1184 palem
910 1115 942 1169 et

86 1205 200 1266 ‘instent
222 1209 359 1267 'I'lrrases
384 1209 534 1266 induisset.
576 1209 713 1283 Denique
730 1218 829 1284 egeret
850 1211 942 1267 Sess-

87 1307 189 1371 ‘torem
208 1312 238 1363 et
253 1306 398 1380 principis
421 1308 633 1364 obtrectatores
651 1313 804 1380 protegere
829 1308 940 1376 sotttus.

87 1401 211 1468 'reniret
234 1411 382 1470 censeret,
402 1403 472 1478 quid
494 1402 602 1477 corrigi
625 1410 675 1461 sut
695 1405 802 1463 motari
826 1406 939 1462 veltet:

88 1496 200 1557 ‘facilius
212 1506 375 1574 perlaturos
388 1501 503 1575 ringula
524 1501 736 1572 increpantem,
758 1519 842 1576 qoam
863 1519 942 1562 nunc

88 1595 237 1657 ‘silentium
252 1599 414 1673 perterrent
428 1600 528 1657 omnis
546 1600 728 1656 damnantia.
769 1600 876 1657 Pacem
896 1599 943 1659 illi

89 1698 251 1767 'perorbens
276 1705 383 1764 tersae,
396 1715 434 1754 an
450 1695 597 1780 'victorias
615 1697 682 1755 sine
702 1694 810 1755 damno
829 1696 941 1756 enerci-

89 1795 179 1860 ‘toom
189 1793 373 1869 displicere?
393 1798 442 1853 Ne
453 1795 612 1860 homiuem,
621 1795 704 1853 bonis
716 1795 840 1867 pontinia
851 1812 943 1857 moet-

91 1890 162 1957 'lum
179 1900 207 1950 et
240 1897 291 1970 qni
313 1895 387 1960 tora,
413 1894 535 1959 theatra,
565 1896 676 1965 tempto
702 1911 755 1967 pro
783 1893 943 1952 solitudine

91 1985 214 2057 ‘inbuet
236 1994 287 2068 qui
307 1992 490 2050 minitaretur
509 1991 645 2049 exsilium
664 2008 756 2058 suum,
776 1988 944 2048 ombitmis

91 2088 198 2156 ‘pravae
210 2098 379 2163 compotem
392 2086 531 2147 lacerent
572 2090 599 2145 N
604 2105 643 2145 on
657 2088 701 2144 illi
712 2089 845 2145 consulta
859 2087 945 2154 haec,

92 2185 153 2240 'con
185 2187 372 2262 Magistratus
412 2194 461 2246 out
507 2187 672 2244 Romanam
704 2187 805 2242 urbem
841 2184 942 2242 videri.

93 2280 286 2355 ‘tuumperet
311 2285 402 2343 vitam
423 2287 462 2341 ab
480 2302 517 2341 ea
537 2283 673 2349 civitate,
695 2281 778 2340 cuius
791 2281 943 2340 caritstest

92 2378 171 2446 'olim
185 2402 259 2442 nunc
282 2390 314 2440 et
333 2385 503 2454 adspectum
516 2377 668 2439 exuisset!
707 2380 783 2439 Cum
802 2397 855 2471 per
869 2379 943 2437 hsec
954 2382 996 2443 28

90 2479 242 2550 stqretatis
255 2481 472 2549 Marcellnant
486 2488 549 2539 eret
560 2485 660 2538 torvus
681 2486 710 2538 et
730 2479 843 2548 tnioax,
859 2496 944 2549 voce,

94 2577 168 2645 rettu,
180 2581 270 2638 oculis
285 2581 465 2639 ardesceret:
487 2597 547 2637 non
567 2579 618 2636 itta
634 2584 704 2636 nota
718 2582 749 2636 et
771 2578 944 2637 celebritate

92 2670 264 2738 periculorum
279 2682 362 2734 sueta
376 2677 435 2733 iem
450 2677 577 2733 Senatus
591 2675 747 2744 maestitia,
759 2693 791 2733 se
805 2694 900 2734 novus
913 2679 944 2733 et

94 2766 164 2826 tltior
196 2791 294 2846 paror,
321 2791 423 2832 manus
450 2778 482 2830 et
509 2776 567 2830 tela
592 2773 719 2831 militum
746 2775 943 2833 cernentibus.

94 2859 165 2924 timul
189 2869 278 2944 ipsius
300 2872 452 2930 Thraseae
475 2871 652 2928 venerahilis
673 2870 788 2945 species
808 2874 945 2930 obversa·

96 2958 177 3022 latur:
197 2976 226 3026 et
249 2975 342 3037 erent,
362 2970 412 3045 qui
435 2969 625 3028 ‘Helvidium
641 2969 762 3046 quoqne’
777 2972 945 3029 miseraren-

97 3059 141 3127 ¹¹¹¹,
167 3065 320 3126 ‘innoxiae
344 3068 503 3141 adfinitatis
537 3085 647 3142 poenas
678 3070 819 3126 datorum.
861 3065 941 3139 Quid

95 3157 261 3237 ‘Agrippino
282 3167 436 3235 obiectum,
457 3166 515 3224 nisi
534 3167 647 3224 tristem
671 3166 761 3240 patris
779 3167 944 3233 fortunam

96 3254 210 3327 ‘quando
222 3270 253 3329 et
276 3264 338 3332 itte,
363 3264 482 3337 perinde
506 3264 659 3329 innocens,
683 3262 799 3321 'l'iberii
820 3260 946 3318 saevitis

96 3353 280 3422 ‘concidisset
322 3363 483 3422 Enimvero
493 3360 946 3433 Montanumprobseiuvenlas,

97 3452 192 3529 ‘neque
217 3461 318 3541 (amosi
339 3462 487 3530 carminis,
513 3463 581 3537 qnia
606 3457 757 3535 protulerit
784 3457 944 3531 ingestum,

97 3550 242 3634 ‘extorrem
266 3559 335 3639 agi?
375 3562 474 3642 Atque
501 3560 620 3622 interim
647 3555 780 3619 Ostorius
807 3557 998 3628 Subiuncta
