2509 4292
103 368 131 416 a.
147 367 175 415 c.
191 370 261 415 osu
323 366 393 413 ars.
419 366 476 413 xr.
527 365 606 412 oar.
634 346 692 412 55.
718 343 777 412 56.
927 341 974 407 85

103 521 269 586 Neronem,
289 537 393 594 argeus
402 517 567 596 perieulum,
585 535 692 595 gruum
714 515 926 585 coniurationes,
944 523 975 575 et

102 625 216 683 cetera,
237 635 312 693 quae
332 619 464 675 audierat
477 618 766 691 oonieotavemtque,
780 617 875 673 docet.
916 617 976 674 Τε-

24 762 34 772 ,
103 720 166 775 lnm
183 735 297 792 quoqne
308 717 338 774 in
348 735 452 776 neoem
462 717 523 773 eius
534 724 664 789 paratum
675 717 812 784 ostendit,
832 717 976 791 aooiriqus

105 834 190 873 reum
219 815 311 872 iussit
340 816 365 872 is
394 823 490 889 raptus
519 833 568 888 par
596 817 704 874 milites
726 822 757 872 at
776 817 978 873 defensionem

106 932 200 980 orsus,
233 915 387 981 ‘Ferrum
414 915 496 972 ouius
529 922 703 989 argueretur,
730 916 801 972 olim
836 915 977 987 religione

106 1013 223 1087 ‘patria
246 1016 369 1079 nultum,
391 1020 421 1070 et
440 1013 472 1069 in
500 1014 637 1071 eubiculo
664 1014 793 1071 habitum
821 1031 858 1070 ao
878 1013 978 1070 frande

105 1110 224 1169 ‘liberti
244 1108 429 1183 subreptum,‘
449 1111 604 1183 respondit.
644 1108 796 1167 ‘Tabulas
811 1109 977 1167 testamenti

103 1210 244 1282 ‘saepius
264 1227 281 1266 a
301 1228 342 1275 se,
362 1217 391 1266 et
420 1208 597 1265 incustodita
624 1210 735 1267 dierum
763 1211 977 1278 observatione,

105 1309 266 1381 ‘signatas
315 1307 461 1365 Pacuuius
488 1314 518 1365 et
546 1308 695 1365 libertates
725 1309 818 1365 serris
847 1317 878 1365 at
907 1314 976 1366 anta

106 1408 207 1463 ‘dono
226 1408 319 1472 datas,
338 1408 391 1463 sed
411 1406 479 1462 ideo
498 1412 568 1464 tuno
590 1408 706 1481 largius,
726 1408 802 1481 quia,
822 1409 902 1464 tersui
917 1408 975 1465 iam

105 1512 159 1562 ‘re
191 1505 328 1562 familiari
348 1511 378 1562 et
398 1505 573 1562 instantibus
594 1505 792 1570 oreditoribus,
823 1512 978 1562 testamen·

104 1609 159 1660 ‘to
192 1604 344 1660 diffideret.
386 1602 546 1662 Enimvero
576 1604 711 1660 liberates
737 1622 851 1676 semper
877 1606 977 1677 epulas

107 1701 283 1769 ‘struxisse
322 1707 352 1758 at
384 1702 476 1759 vitam
516 1719 671 1760 amoenam
701 1709 731 1760 at
758 1704 836 1760 duris
876 1703 977 1760 indici·

107 1803 182 1858 ‘bus
206 1818 305 1872 pamm
318 1802 477 1874 probatam.
507 1790 673 1859 'Fomenta
700 1803 866 1860 vulneribus
897 1806 977 1860 nulla

109 1901 210 1958 ‘iussn
238 1917 299 1967 suo,
334 1901 396 1966 sed,
426 1900 494 1974 quia
526 1906 624 1958 cetera
655 1903 750 1973 palam
791 1920 868 1959 rana
899 1901 977 1957 obie-

111 2000 235 2064 ‘oisset,·
255 1999 413 2072 adiungere
439 2000 561 2064 crimen,
582 2008 613 2059 ut
635 2018 699 2055 sese
721 2001 827 2070 pariter
848 1999 977 2057 indicem

112 2102 163 2153 ‘et
194 2104 298 2154 testem
325 2095 452 2155 laceret?
507 2097 620 2155 Adiioit
651 2097 739 2152 dictis
773 2097 978 2152 constantiam.

109 2195 228 2252 incusat
261 2197 337 2252 ultro
370 2193 553 2252 intestabilem
585 2200 612 2251 et
645 2192 867 2258 consceleratum,
899 2200 979 2250 tanta

110 2295 197 2350 vocis
218 2310 253 2350 ao
274 2297 370 2351 vultus
389 2296 555 2360 securitate,
575 2299 607 2351 nt
628 2294 738 2350 labaret
758 2292 907 2361 indicium,
922 2293 978 2350 uisi

111 2391 270 2449 Milichum
294 2411 367 2450 uxor
395 2395 601 2460 admonuisset,
631 2377 812 2450 ‘Antonium
842 2395 979 2450 Natalem
1064 2439 1070 2449 .

109 2493 225 2549 ‘multa
245 2508 312 2548 eum
326 2493 457 2549 Saevino
477 2509 511 2548 ao
532 2498 646 2549 seoreto
660 2495 856 2560 conlocutum,
870 2500 899 2549 et
914 2510 978 2550 essa

109 2595 268 2663 ‘utrosque
289 2590 324 2647 C.
344 2591 459 2648 Pisonis
478 2590 614 2648 intimos.'
655 2590 732 2665 Ergo
755 2593 866 2651 aooitnr
889 2594 979 2651 Nata·
989 2611 1030 2670 56

108 2689 166 2744 lis:
183 2694 215 2743 et
225 2687 335 2745 diversi
350 2690 571 2762 interrogantur,
585 2688 714 2765 quisnam
728 2689 863 2759 marmur,
876 2711 932 2769 pua
947 2692 979 2749 de

108 2783 285 2864 resilisset?
295 2802 362 2843 onrn
376 2794 479 2844 exorta
489 2787 625 2861 suspicio,
635 2788 703 2863 quia
716 2806 774 2847 non
788 2793 979 2867 congruentia

109 2939 206 2990 Quanto
223 2940 304 2986 melior
321 2942 412 2988 domino
430 2942 520 2991 serras!
547 2942 608 2990 Brot.
649 2944 813 2991 Oluerrationa
829 2946 919 3004 dignum
937 2950 980 3000 rst,

109 3006 136 3044 ut
144 2999 250 3046 Porticus
259 3008 319 3045 secta
327 3001 436 3058 originem
445 3001 539 3062 primam
550 3003 608 3047 iuter
616 3002 748 3061 respublicas
755 3004 854 3051 Graecas
864 3004 949 3057 habuit,
958 3004 980 3050 in

109 3059 251 3118 temporibus
262 3060 342 3111 arduis,
352 3060 448 3111 insertis,
458 3068 482 3106 et
490 3061 591 3107 omnibus
628 3062 702 3107 riculis
712 3063 818 3113 obnoxiis,
830 3062 900 3119 (Vide
908 3063 981 3107 Adam

110 3116 195 3172 smus,
205 3118 334 3173 Theoryol
347 3119 425 3164 Mora!
441 3120 583 3174 sentimenta,
607 3120 647 3165 'ol.
661 3121 699 3173 lt,
709 3135 730 3180 p.
744 3122 896 3178 127,&o.)ita
906 3119 928 3164 in
940 3121 982 3167 huo

108 3183 190 3222 aetate
197 3175 297 3228 funesta,
305 3177 442 3236 disciplinam
452 3178 550 3224 Stoicam
560 3179 639 3224 iterum
652 3181 732 3235 vigere,
743 3187 767 3223 et
775 3179 836 3239 quasi
847 3193 859 3223 a
869 3177 980 3224 cineribus

108 3248 235 3290 resurgere.
267 3234 393 3281 Periculum
404 3235 520 3283 imminens
529 3243 552 3281 et
562 3245 692 3297 perpetuum
703 3238 841 3292 vigilantiam
851 3242 982 3296 perpetuam

108 3296 133 3337 et
141 3292 213 3352 poscit
224 3298 248 3337 et
259 3293 330 3351 parit:
345 3308 422 3340 omnes
430 3294 493 3363 quasi
508 3295 530 3341 in
546 3296 658 3355 procinctu
667 3300 728 3340 stare
738 3296 805 3353 cogit,
816 3302 839 3340 et
848 3296 877 3340 ad
888 3294 983 3340 virtutes

108 3352 237 3396 severiores
246 3353 332 3407 suadet,
344 3353 380 3397 vel
427 3358 469 3399 turs
479 3368 516 3399 eas
531 3356 559 3399 aul
576 3353 642 3400 animi
652 3354 838 3412 tranquillitatem
849 3352 983 3400 necessarias

108 3410 195 3463 reddit,
205 3413 388 3468 tesnperantiam,
405 3413 556 3468 ortitudiurm,
565 3421 588 3458 et
597 3419 748 3469 contemptum
759 3412 841 3457 mortis.
875 3412 927 3458 Non
937 3411 983 3458 alio

109 3472 215 3529 tempore
223 3471 326 3528 exempla
337 3469 460 3516 illustriora
476 3471 583 3519 invenies.
615 3472 700 3515 Seneca
710 3470 806 3517 Neronis
819 3474 950 3578 praereptor
958 3477 983 3518 et

109 3529 239 3632 eplneatou
258 3528 389 3590 Epictetus,
417 3529 542 3576 Neroniani
566 3530 625 3578 sarri
650 3528 696 3590 lpse
716 3543 800 3588 servus,
820 3536 878 3580 anter
913 3529 982 3579 toiaos

114 3601 123 3631 r
143 3592 217 3632 ustres
1006 3597 1010 3607 '

147 3685 221 3726 ron.
241 3685 279 3726 rr.
416 3667 417 3671 ’
560 3674 577 3724 a
