2509 4292
293 274 373 373 346'
580 322 832 373 ursuonrravu
1012 329 1040 375 n.
1053 326 1084 374 v.
1097 329 1149 381 am.

289 495 340 551 per
374 475 488 535 Gallias
521 477 760 552 Britanniamque
786 483 817 534 et
852 476 1012 552 Hispanias
1043 476 1152 538 auxilia

289 577 400 642 orabat,
426 576 569 633 exercitui
595 576 747 645 recitavit3
780 576 961 651 instituitque
997 579 1149 650 pessimum

289 674 411 740 lacinus.
426 681 456 733 ut
470 675 610 748 epistolae
624 674 791 749 Aquiliteria
801 674 947 748 legionum
958 677 1157 746 traderentnr;

289 772 385 847 aquis
398 778 466 830 ante
479 773 574 839 militi,
588 791 672 847 quam
688 774 828 839 Ducibus,
852 774 1029 845 legebantur.
1073 772 1154 832 'i'um

289 889 307 929 e
320 871 463 928 seditiosis
477 888 563 928 unum
579 871 684 929 vinciri
699 872 788 935 iubet,
799 871 888 944 magis
902 872 1060 944 usurpandi
1073 872 1155 940 iuris,

288 987 372 1045 quam
386 969 451 1043 quia
473 969 556 1026 unius
568 972 655 1042 culpa
673 970 755 1026 toret.
797 969 949 1043 Motusque
973 970 1081 1027 Bonna
1099 989 1153 1027 ex·

287 1068 393 1126 orcitus
416 1067 446 1124 in
478 1068 625 1124 coloniam
662 1067 920 1141 Agrippinensem
954 1067 1150 1126 adluentibus

286 1164 402 1223 auxiliis
414 1165 575 1228 Gallorum,
596 1164 645 1239 qui
669 1166 763 1238 primo
788 1183 847 1222 rem
873 1165 1034 1222 Romanam
1059 1166 1152 1224 enixe

286 1263 439 1320 iuvabant:
461 1280 539 1329 mox,
563 1264 780 1322 valescentibus
803 1264 967 1328 Germanis,
994 1266 1150 1337 pleraeque

285 1361 421 1420 civitates
434 1362 586 1418 adversum
601 1379 654 1418 nos
667 1368 796 1419 armatae
816 1379 868 1434 spe
882 1362 1042 1429 libertatis3
1063 1368 1102 1426 et,
1123 1363 1153 1420 si

284 1460 432 1518 exuissent
443 1459 603 1524 servitium,
613 1459 750 1533 cupidine
759 1459 951 1531 imperitandi.
994 1459 1155 1518 Gliscebat

284 1558 434 1616 iracundia
467 1558 623 1632 legionum,
657 1575 711 1614 nec
752 1562 889 1613 terrorem
929 1557 1011 1613 unius
1045 1558 1153 1616 militis

285 1657 404 1715 vincula
428 1657 600 1717 indiderant.
640 1646 708 1729 quin
733 1655 809 1711 idem
833 1654 885 1711 ille
909 1658 1046 1728 arguebat
1071 1659 1151 1713 uitro

283 1764 292 1788 ⁴
303 1755 513 1812 conscientiam
524 1754 630 1811 Ducis:
648 1761 792 1827 tamquam
804 1752 920 1809 nuntius
930 1753 1007 1809 inter
1015 1752 1150 1811 Civilem

284 1853 500 1926 ‘Flaccumque
513 1852 586 1908 laiso
597 1851 720 1907 crimine
735 1852 817 1908 testis
833 1851 893 1907 veri
915 1849 1146 1924 opprimeretur)

284 1950 462 2009 Conscendit
477 1949 600 2006 tribunal
616 1950 731 2005 Vocula
746 1949 818 2005 mira
830 1948 1005 2013 constantia,
1023 1950 1149 2022 prehen-

283 2067 401 2124 sumque
416 2047 538 2106 militem
547 2065 581 2104 ac
593 2046 801 2104 vociferantem
814 2048 901 2105 ‘duci
911 2048 947 2104 ad
961 2046 1149 2120 supplicium‘

282 2132 374 2205 iussit.
413 2148 543 2212 lindum
557 2146 624 2204 mall
640 2151 757 2218 pavent,
772 2146 897 2217 optimus
918 2145 1037 2218 quisque
1057 2146 1148 2203 iussis
1213 2154 1216 2157 '

282 2263 409 2318 paruere.
450 2246 530 2303 Exin
543 2262 686 2302 consensu
709 2242 817 2300 Ducem
838 2241 975 2299 Voculam
999 2243 1148 2315 poscenti·
1249 2282 1250 2299 .

228 2337 269 2401 'ic
282 2342 342 2408 bus,
358 2345 483 2401 Flaccus
504 2361 644 2400 suolmam
667 2360 761 2399 rerum
775 2343 803 2398 ei
826 2342 964 2414 permisit.
1007 2343 1067 2398 Sed
1088 2342 1148 2399 dis·

263 2426 380 2499 'comes
407 2442 519 2499 animos
548 2444 637 2498 mulla
664 2441 841 2497 efferebant:
873 2438 974 2513 inopia
999 2440 1143 2512 stipendii

277 2538 486 2612 frumentique3
515 2545 545 2595 et
564 2541 649 2596 simul
674 2540 820 2596 detectum
836 2541 998 2613 tributaque
1020 2540 1140 2597 Galliae

277 2635 500 2705 adspernantes3
523 2637 643 2693 Rhenus
666 2637 815 2711 incognita
827 2637 871 2693 iili
894 2621 979 2693 caelo
992 2637 1146 2704 siccitate,

277 2731 329 2788 rix
339 2731 594 2803 nauiumpntiens:
617 2735 691 2790 arcti
702 2739 894 2792 commeatus:
915 2735 1073 2806 dispositae
1085 2751 1138 2807 per

270 2844 391 2887 ‘omnem
429 2829 520 2903 ripam
554 2832 704 2900 stationes,
741 2850 814 2907 quae
855 2833 1019 2890 Germanos
1059 2835 1139 2890 vado
1249 2884 1250 2917 3

278 2935 427 2986 arcerentt
461 2930 621 3003 eademque
645 2933 683 2986 de
714 2948 822 2987 caussa·
847 2931 942 2987 minus
962 2931 1082 3004 trogum,
1109 2937 1142 2990 et
1249 3006 1250 3013 ἵ

278 3030 382 3101 plures,
406 3026 455 3101 qui
478 3033 688 3084 consumerent.
727 3016 817 3101 'Apud
849 3028 989 3100 inperitos
1017 3028 1144 3104 prodigii

278 3129 345 3185 loco
371 3126 568 3199 accipiebatur
594 3126 657 3199 ilua
684 3142 819 3200 aquarum
844 3125 972 3199 penuria,
993 3132 1143 3200 tamquam

306 3240 418 3336 Eudone
431 3278 574 3347 Aquiliferis]
586 3336 592 3346 .
605 3278 652 3347 dur
669 3278 816 3347 Aquililerisi’
838 3278 893 3340 quia
910 3279 1019 3336 tegendae
1036 3279 1142 3327 nimirum

277 3338 390 3395 adsigna:
407 3337 429 3382 id
439 3346 480 3391 est,
492 3339 513 3382 iu
523 3337 641 3396 principiis.
673 3335 737 3381 Facit
752 3337 842 3383 omnino
859 3338 962 3383 adhunc
977 3352 1069 3391 morem,
1080 3339 1142 3399 quod

277 3398 407 3457 Spartianus
425 3396 446 3440 in
465 3397 589 3445 Pescennio.
600 3394 671 3447 uino
680 3409 699 3441 s.
711 3399 733 3441 t.
743 3397 812 3442 refert
826 3411 854 3443 es
867 3395 962 3456 epistola
977 3395 1015 3442 Μ.
1028 3396 1141 3444 Antonini

276 3467 588 3571 ..
613 3453 1142 3560 cp..

272 3582 353 3615 mussa
361 3525 457 3616 instituti
465 3569 516 3618 erit.
545 3544 606 3617 Nasu
611 3584 656 3635 per
665 3526 809 3620 ciburium
818 3572 874 3619 talia
883 3570 969 3630 volgari
978 3570 1054 3619 solita
1070 3546 1139 3618 ’Bne
