2509 4292
308 336 382 402 300
606 353 861 406 ursroarsavrr
1023 355 1054 402 r.
1066 354 1098 401 v.
1114 354 1170 401 na

303 508 375 584 giris
400 507 445 565 iris
478 506 585 565 tributa
611 508 768 574 dimittere,
789 508 862 564 aiios
885 506 1108 565 inmunitatibus
1133 506 1177 563 iu-

303 624 394 664 vare:
422 608 557 682 denique,
591 608 672 664 nuiia
700 606 731 663 in
761 613 905 679 posterum
939 624 1018 671 cura,
1046 608 1174 662 incerare

305 707 475 780 Imperium.
518 707 576 763 Sed
592 708 694 779 vntgus
714 706 752 762 ad
775 705 1009 780 magnitudinem
1020 706 1175 761 beneficio·

304 823 367 863 rum
381 808 498 862 aderat:
519 805 706 861 stultissimos
727 804 846 877 quisque
871 804 1003 877 pecuniis
1029 806 1175 860 mercaba-

305 912 370 963 tur:
391 904 465 976 apud
486 901 635 974 sapientes
658 920 741 958 cassa
768 904 956 969 habebantur,
979 921 1053 977 quae
1080 920 1176 977 neque

304 1003 376 1067 dari,
420 1018 512 1074 neque
551 1000 660 1071 accipi,
693 1002 778 1056 saiva
819 1002 989 1072 Republica,
1030 1004 1174 1074 poterant.

307 1101 442 1159 Tandem
457 1097 607 1172 flagitante
632 1100 774 1164 exercitu,
797 1101 845 1174 qui
866 1101 1037 1157 Mevaniam
1062 1100 1175 1155 insede·

304 1209 357 1263 rat,
391 1217 498 1272 magno
534 1201 707 1257 Senatorum
747 1199 873 1275 agmine,
907 1216 1027 1273 quorum
1069 1200 1173 1254 multos

303 1298 472 1362 ambitione,
487 1301 583 1371 piures
607 1300 761 1356 formidine
783 1300 925 1362 trahebat,
950 1298 981 1353 in
1009 1304 1104 1353 castra
1126 1314 1174 1352 ve·

304 1396 357 1461 nit,
388 1397 518 1454 incertus
552 1398 652 1462 animi,
686 1404 716 1455 et
742 1397 838 1455 infidis
858 1395 990 1452 consitiis
1018 1395 1173 1451 obnoxius.

150 1531 157 1550 .
251 1482 503 1552 iicnncionantt
528 1492 734 1572 (prodigiosum
763 1493 858 1564 dictu)
885 1500 997 1551 tantum
1026 1493 1174 1566 foedamus

302 1595 452 1650 volucrum
477 1594 710 1666 supervolitavit,
735 1600 766 1650 nt
793 1596 870 1649 nube
893 1599 955 1648 atra
980 1592 1060 1648 diem
1075 1594 1174 1648 obten-

302 1692 415 1748 derent.
472 1692 607 1750 Accessit
636 1692 729 1748 dirum
755 1709 852 1757 omen,
880 1690 1015 1764 profugus
1035 1690 1173 1746 altaribus

303 1795 409 1856 taurus,
452 1791 577 1847 disiecto
616 1790 753 1847 sacriticii
787 1792 934 1862 utinmotu,
976 1790 1075 1862 longe,
1110 1804 1175 1856 nec,

303 1890 354 1948 ubi
377 1889 455 1947 ieriri
477 1891 586 1946 hostias
614 1907 677 1946 mos
701 1896 755 1956 est,
779 1889 939 1946 confossus.
981 1887 1041 1944 Sed
1064 1886 1172 1960 praeei-
1240 1965 1241 1970 ἵ

304 2006 391 2063 puum
412 1989 474 2062 ipse
491 1988 630 2045 Vitettius
643 1995 788 2045 ostentum
811 1994 881 2052 erat,
904 1988 1021 2060 ignarus
1040 1986 1173 2051 miiitiae,

304 2087 474 2161 inprovidus
495 2086 621 2151 consilii,
643 2085 727 2161 ‘quis
749 2088 825 2142 >ordo
846 2086 980 2160 agminis,
1009 2103 1083 2159 quae
1105 2100 1172 2141 cura

304 2188 504 2259 ‘expiorandi
525 2193 648 2261 quantus
664 2187 792 2259 urgendo
816 2187 998 2242 trahendove
1013 2186 1093 2241 betto
1116 2201 1172 2241 mo·

304 2285 398 2349 ‘dua‘
425 2286 498 2342 aiios
523 2285 661 2358 rogitans,
688 2290 719 2341 et
745 2286 783 2340 ad
806 2300 908 2340 omnes
936 2282 1066 2350 nuntios,
1093 2285 1173 2339 vultu

303 2401 416 2458 quoque
437 2389 468 2440 et
491 2384 606 2440 incessu
630 2383 766 2455 trepidus,
790 2382 858 2439 dein
885 2383 1071 2438 temulentus.
1121 2382 1173 2438 Po·

303 2488 421 2550 stremo,
435 2483 532 2539 taedio
545 2490 715 2546 castrorum,
739 2487 779 2548 et,
801 2481 900 2537 audita
927 2481 1095 2538 desectione
1120 2480 1174 2538 Mi·

302 2579 434 2636 senensis
446 2583 558 2645 classis,
569 2582 693 2637 Romam
706 2578 1079 2645 revertit,receutissimum
1088 2580 1174 2655 qnod·

302 2695 357 2750 que
387 2680 491 2733 vuinus
516 2696 639 2749 pavens,
664 2679 768 2735 summi
799 2678 977 2735 discriminis
1005 2680 1173 2736 incuriosus.

302 2776 391 2842 Nam,
412 2793 479 2831 cum
508 2777 670 2851 transgredi
703 2777 900 2848 Apenninum,
930 2777 1046 2851 integro
1064 2776 1176 2833 exerci-

301 2880 347 2931 tus
373 2873 417 2930 sui
446 2876 556 2941 robore,
583 2883 613 2932 et
641 2875 731 2931 fessos
753 2875 849 2931 hieme
876 2883 962 2949 atque
987 2876 1087 2950 inopia
1111 2877 1174 2932 hos·

302 2981 347 3031 tes
373 2974 502 3048 adgredi,
523 2974 553 3030 in
582 2981 683 3046 aperto
702 2974 809 3047 iorem}
827 2976 895 3031 dum
922 2975 1064 3049 dispergit
1087 2976 1174 3042 vires,
1237 3001 1238 3038 r

302 3073 473 3131 acerrimum
501 3072 630 3139 mititem,
658 3078 688 3127 at
716 3090 805 3147 usque
833 3071 870 3129 in'
888 3078 1020 3131 extrema
1046 3075 1172 3130 obstina·
1237 3053 1238 3058 ἵ

302 3178 373 3237 tum,
384 3171 583 3229 trucidandum
596 3170 831 3244 capiendumque
846 3172 974 3237 tradidit,
990 3169 1171 3244 peritissimis

303 3270 514 3329 Centurionuin
547 3268 797 3336 dissentientibus,
820 3275 861 3338 et,
887 3269 912 3325 si
943 3272 1169 3337 consulerentur,
1236 3295 1237 3354 p

330 3423 420 3470 Summi
428 3422 565 3470 discriminis
574 3422 712 3484 incuriosus]
742 3421 861 3469 Summum
875 3422 997 3469 &crimea
1006 3427 1040 3469 est
1049 3421 1108 3469 idern
1117 3424 1168 3475 sere,

302 3485 361 3552 qnod
380 3498 464 3528 summa
475 3482 536 3535 belii,
552 3484 680 3527 universum
696 3481 792 3527 bellum:
815 3480 945 3551 periculum,
961 3483 1021 3542 quod
1037 3480 1168 3549 imminebat,

303 3555 321 3584 sr
333 3541 394 3585 heito
409 3543 539 3586 vinceretur.
573 3540 633 3586 Mox
649 3541 675 3585 ia
689 3541 833 3596 opertofirret
847 3540 905 3585 idem
921 3545 962 3594 est,
978 3542 1038 3598 qrrod
1054 3554 1075 3585 rn
1086 3543 1168 3599 promtu

302 3597 375 3646 facite.
391 3617 393 3622 ·
407 3599 461 3647 um
500 3601 528 3649 Α.
540 3598 571 3655 u,
584 3601 617 3650 12³,
629 3599 660 3646 ri
673 3599 702 3655 V,
716 3602 748 3648 u.
758 3612 855 3650 summm
865 3599 901 3649 ra·
909 3598 1031 3648 &urim
1041 3598 1129 3650 dicitur.
