2509 4292
91 389 125 436 s.
142 387 173 437 c.
189 388 228 435 sa.
334 384 503 435 ura.xrr.
553 364 829 436 cansa-118.
930 370 978 438 33

98 537 318 613 ‘rependitua’
370 539 544 597 Sententiae
577 539 686 608 Cassii,
721 545 752 598 ut
784 556 872 598 nemo
903 541 1030 602 numae

99 648 209 697 contra
223 640 266 696 ire
280 655 365 697 ausus
378 645 433 705 est,
448 639 488 696 ita
496 639 633 696 dissonae
648 655 738 697 voees
753 640 977 713 respondebant,

99 746 108 772 ⁴
123 755 289 806 numerum,
316 744 365 794 aut
378 744 516 805 aetutem,
539 747 589 795 sut
601 755 715 805 sexum,
735 755 772 795 ac
787 737 974 811 plurimorum

100 835 276 894 ‘indubiam
302 834 514 893 innocentiam’
544 837 753 915 miserantium
805 836 977 896 Praeraluit

102 940 207 995 lamen
222 952 296 1008 pars,
315 953 389 1009 quae
403 934 577 1009 supplicium
591 937 776 993 decernebat.
797 937 848 992 sed
868 937 977 994 obtens-

102 1034 202 1109 perari
227 1051 286 1091 nun
301 1039 423 1106 poterat,
450 1036 626 1107 conglobata
641 1033 827 1091 multitudine
853 1041 884 1092 et
904 1050 978 1092 sues

103 1150 140 1190 uu
153 1133 242 1213 sucas
268 1132 434 1190 minitante.
475 1132 557 1190 'l'um
576 1133 687 1190 Caesar
716 1134 852 1206 populum
876 1134 978 1191 edicto

103 1232 262 1305 increpuit,
283 1237 369 1305 alque
390 1248 477 1289 omne
491 1231 556 1299 iter,
582 1248 640 1304 quo
652 1232 783 1289 damnati
797 1234 833 1290 sd
853 1244 995 1306 poenam

101 1332 296 1396 ducebantur,
310 1329 482 1387 militaribus
499 1330 651 1402 praesidiis
672 1331 772 1403 sepsit.
814 1332 977 1390 Censuerst

105 1428 272 1502 Cingonius
285 1429 389 1492 Varro,
403 1433 436 1486 ut
457 1428 555 1487 liberti
576 1446 699 1503 quoque,
723 1428 773 1503 qui
795 1432 849 1487 sub
873 1433 977 1489 codem

104 1532 186 1586 teuto
207 1527 340 1593 fuissent,
361 1526 449 1585 ltalia
466 1528 697 1598 deportarentur.
739 1527 773 1584 ld
796 1543 814 1584 s
838 1527 977 1602 Principe

103 1626 285 1702 prohibitum
298 1631 353 1692 est,
372 1631 428 1683 ‘ue
442 1643 504 1683 mos
518 1625 662 1700 antiquus,
676 1642 762 1700 quern
777 1627 977 1685 misericordia

102 1732 184 1784 ‘nou
199 1725 353 1789 minuerat,
374 1742 425 1799 per
447 1724 604 1783 saevitiam
628 1724 848 1783 intenderetur?
889 1727 1029 1789 Dum-ld

105 1832 192 1885 natus
222 1824 324 1881 iisdem
352 1823 529 1882 Consulibus
555 1824 727 1899 'l'srqultius
758 1825 874 1883 Priscus
897 1843 978 1900 repe·

106 1925 273 1983 landarum,
289 1923 428 1998 Bithynis
452 1924 707 1998 interrogantibus,
728 1943 835 2000 magno
858 1924 978 1982 Patruus

105 2025 223 2101 gaudio,
246 2023 295 2098 qui
317 2026 485 2080 accusatum
512 2025 550 2079 ab
579 2041 617 2080 eu
650 2024 801 2081 Statilium
838 2023 979 2093 ¹laurum,

108 2125 318 2183 Proconsulem
339 2122 439 2195 ipsium
453 2122 656 2180 meminerant.
696 2123 811 2180 Census
834 2138 885 2194 per
905 2120 974 2180 Gal·

107 2223 163 2281 lias
177 2240 195 2278 a
210 2223 247 2295 Q.
273 2222 396 2278 Volusio
419 2227 448 2278 et
474 2221 579 2278 Sextio
596 2221 739 2278 Africano
766 2218 976 2292 Trebellioque

109 2321 245 2379 Maximo
258 2322 317 2377 acti
331 2325 408 2385 suut,
428 2320 550 2377 aemulis
563 2320 642 2377 inter
662 2336 705 2385 se,
721 2336 772 2393 per
786 2317 979 2386 nobilitatem,

108 2421 236 2479 Volusio
260 2426 346 2495 alque
377 2419 537 2477 Attanum
558 2418 744 2478 Trebellium
765 2418 835 2475 dum
859 2423 980 2492 uterque

109 2521 294 2594 dedignatur,
319 2536 405 2592 supra
430 2521 531 2576 tulere.
587 2518 725 2576 Eoenrm
752 2525 875 2575 mortem
906 2516 978 2576 obiit
989 2527 1031 2591 41

108 2618 269 2678 Memmius
283 2619 422 2692 Regulus,
445 2618 627 2685 auctoritate,
648 2618 824 2683 constantin,
849 2617 934 2685 lama,
947 2618 979 2676 in

106 2727 255 2799 quantum,
283 2720 505 2791 praeumbrante
521 2716 708 2790 imperatoris
729 2716 855 2789 fastigio,
885 2718 980 2786 datur,

110 2822 205 2876 clarus
222 2839 229 2874 ε
251 2818 336 2882 adeo,
351 2824 381 2872 ut
397 2817 484 2882 Nero,
498 2832 585 2888 aeger
600 2816 780 2881 valetudine,
794 2821 824 2872 et
838 2815 980 2872 adulanti·

111 2921 162 2977 bus
177 2918 300 2983 circum,
309 2912 455 2993 quiflnem
473 2912 594 2989 Inspers'n
608 2911 703 2972 adesse
722 2914 859 2972 dicebant
873 2911 901 2969 εἰ
914 2910 984 2988 qual

100 3016 168 3095 suto
177 3021 331 3092 pateretur,
346 3016 536 3084 responderit,
552 3010 655 3069 buben
668 3010 823 3069 subsiciuam
846 3007 982 3086 Rempub·

110 3112 203 3173 bourn.
246 3112 428 3185 Rrrgantibus
441 3113 561 3180 debinc,
572 3109 603 3167 in
620 3107 883 3187 quopnb‘sss'masm?
902 3108 982 3165 addi·

113 3216 205 3279 derat,
219 3214 250 3269 s‘n
269 3208 402 3273 Memmio
423 3209 541 3285 Regulo.
583 3210 672 3267 Vixit
698 3219 795 3266 tumen
821 3215 884 3280 post
908 3208 982 3264 baec

113 3313 253 3386 Regulus,
267 3310 365 3384 quiete
378 3310 521 3377 defensus,
535 3314 565 3365 et
579 3309 647 3384 quia
671 3326 749 3365 nova
771 3304 886 3380 generis
900 3304 983 3361 clari·

113 3413 223 3477 tudine,
248 3427 343 3484 neque
369 3409 523 3467 invidiosis
544 3409 647 3481 opibus
672 3411 743 3462 erat.
785 3402 983 3478 Gymnasium

112 3528 149 3569 eo
162 3527 241 3566 anno
264 3507 431 3564 dedicatum
460 3509 622 3573 aNerone,
643 3503 860 3579 praebitumque
886 3502 983 3561 oleum

114 3608 215 3694 Equiti
243 3623 281 3667 ac
318 3607 451 3683 Senatui,
478 3606 595 3667 Graeca
627 3603 779 3663 facilitate.
827 3602 861 3662 1¹.
877 3601 1037 3669 Mariana
