2509 4292
77 384 142 432 ac.
158 385 192 432 ro.
298 382 368 429 ura.
386 381 422 427 ιι.
465 379 543 426 cnr.
560 356 730 443 nor-29.
858 359 932 445 2133

77 537 179 594 rebant.
240 534 348 592 Gravis
375 532 504 608 alioquin
531 533 638 591 seditio
664 488 820 599 eximeret,
847 549 932 606 quam

77 635 170 691 altiore
191 634 278 691 initio
302 631 409 708 (neque
435 632 515 689 enim
537 647 671 689 rerums
697 630 827 689 Caecina
840 634 933 703 gesta·

76 750 133 788 runs
150 733 278 789 ordinem
301 729 470 802 interrumpi
493 725 673 804 oportuerat)
697 732 836 801 repetam.
878 727 934 784 (lo-

75 829 167 886 hortes
193 831 382 895 Batavorum,
412 845 483 903 quos
511 828 588 886 bello
618 827 749 883 Neronis
775 843 793 881 a
823 829 935 900 quarta·

75 927 181 985 decima
200 929 316 1002 legione
340 927 492 1000 digressas,
512 941 578 982 curu
594 923 777 980 Britanniam
792 926 935 996 peterent,

76 1025 165 1081 audito
188 1026 304 1083 Vitellii
331 1031 420 1091 motu,
444 1025 476 1081 in
502 1023 625 1080 civitate
650 1021 816 1095 Lingonum
840 1020 935 1077 Fabio

76 1122 187 1182 Valenti
214 1124 369 1181 sdiunctas
396 1122 554 1188 retulimus,
580 1122 703 1193 superbe
725 1122 870 1195 agebant;
903 1123 935 1176 ut

75 1221 201 1295 cuiusque
222 1221 348 1297 legionis
374 1220 499 1279 tentoria
524 1220 727 1283 accessissent,
740 1226 748 1251 ‘
759 1217 902 1275 coercitos
916 1234 933 1273 a

78 1321 121 1375 ‘se
142 1320 420 1395 quartadecimanos,
433 1320 558 1376 ablatam
581 1317 694 1374 Neroni
709 1317 835 1382 ltaliam,
848 1321 934 1391 atquc

77 1417 200 1476 ‘omnem
214 1420 283 1476 belli
298 1419 444 1475 fortunam
466 1417 496 1474 in
517 1416 644 1489 ipsorum
657 1433 743 1472 manu
759 1413 862 1480 sitam,’
876 1414 935 1471 iac·

77 1519 173 1573 tantes.
210 1517 463 1577 Contumeliosum
478 1517 507 1574 id
522 1515 675 1582 militibus,
688 1516 823 1573 acerbum
838 1514 933 1573 Duci:

76 1623 203 1688 conrupta
217 1617 319 1690 iurgiis
341 1624 390 1673 aut
414 1616 486 1673 rixis
504 1615 677 1687 disciplina:
698 1615 734 1671 ad
760 1621 934 1687 postremum

76 1711 179 1772 Valens
192 1734 208 1772 e
219 1714 384 1788 petulantia
397 1714 486 1771 etiarn
500 1713 650 1787 perfidiam
660 1714 855 1786 suspectabat.
877 1713 933 1787 lgi-
944 1714 986 1774 28

77 1813 117 1865 tur
128 1813 226 1875 nuntio
249 1815 510 1882 arllato,‘pulsam
533 1812 730 1870 Treverorum
755 1814 832 1868 nlarn
853 1811 935 1869 'Pun-
1024 1828 1028 1833 ·

78 1911 203 1985 ‘grosque
218 1930 235 1968 a
248 1915 346 1981 classe
367 1911 491 1968 Othonia
515 1918 545 1967 et
563 1912 784 1968 Narbonensem
806 1909 936 1966 Galliam

77 2007 227 2068 ‘circumiri
238 2009 256 2080 ;’
279 2011 364 2069 simul
379 2026 448 2067 cura
461 2009 557 2067 socios
571 2009 672 2066 tuendi
686 2015 715 2065 et
726 2006 844 2065 militari
859 2011 933 2072 astu,

25 2160 26 2185 p
76 2104 199 2165 cobortes
222 2108 383 2174 turbidas,
401 2122 448 2171 ac,
476 2108 502 2165 sl
530 2124 590 2165 une
617 2108 721 2172 forent,
741 2104 937 2179 praevalidas,

76 2205 258 2282 dispergendi.
284 2210 395 2281 partem
420 2207 600 2265 Batavorum
613 2202 655 2262 s‘rc
667 2202 699 2261 in
719 2199 876 2264 modium
895 2205 936 2266 iu·

77 2303 128 2361 bct.
153 2309 225 2379 quod
257 2306 308 2364 ubi
340 2305 468 2364 auditum
496 2308 711 2380 vulgatumque,
730 2321 858 2363 moerere
892 2323 936 2365 so·

78 2401 121 2469 cii,
144 2403 262 2463 tremere
299 2405 446 2478 legiones:
467 2404 581 2462 ‘orbari
603 2422 635 2461 se
655 2404 873 2462 tortissimorum
894 2404 936 2462 vi·

25 2546 26 2551 1
77 2503 179 2560 ‘rorum
200 2503 328 2561 nuxilio:
351 2508 466 2560 veteres
490 2503 557 2560 illos
581 2508 611 2559 et
639 2507 683 2560 tot
709 2504 850 2560 bellorum
875 2503 936 2560 vic·

80 2601 173 2669 ‘lorea
197 2610 350 2676 postquem
374 2602 404 2659 in
433 2607 591 2673 conspectu
612 2600 652 2658 sit
677 2600 777 2667 bostis,
803 2603 935 2661 velutcx

78 2698 153 2755 ‘acie
175 2699 299 2758 abduci:
319 2699 345 2756 si
372 2699 524 2773 provincia
548 2702 617 2756 urbe
642 2703 672 2755 et
695 2700 788 2757 salute
816 2699 935 2774 Imperii

78 2798 182 2868 ‘potior
201 2799 250 2866 sit,
276 2815 378 2856 omnes
405 2798 475 2855 illuc
497 2803 701 2870 sequerentur:
722 2798 768 2855 sin
793 2798 934 2857 victoriae

79 2896 205 2965 ιιιιιὶίιι,
230 2898 470 2961 sustentaculum,
489 2898 624 2953 columen
650 2896 788 2954 initalia
810 2905 935 2953 vertere·

25 2960 26 3029 i
79 2993 144 3060 ‘tur,
174 3008 234 3053 non
268 2996 488 3068 abrumpendos,
521 3001 552 3052 ut
584 2994 707 3067 corpori,
742 2994 934 3055 validissimos

25 3166 26 3179 χ
77 3091 183 3150 ‘artus’
232 3094 316 3150 Haec
340 3092 475 3151 ferociter
494 3092 640 3158 iactando,
665 3097 824 3164 postquam,
837 3091 987 3159 imis-29

79 3187 115 3263 sis
134 3189 292 3258 lictoribus,
320 3192 433 3249 Valens
456 3208 593 3248 coercere
617 3188 790 3247 seditionem
820 3195 935 3260 coepta·

78 3286 132 3354 brt,
153 3289 247 3361 ipsum
271 3290 424 3357 invadunt,
461 3306 532 3346 saxa
560 3288 680 3352 iaciunt,
707 3286 866 3359 lugientem
893 3303 935 3343 se·

81 3391 206 3458 quuntur,
228 3387 344 3462 ‘spolio
363 3388 533 3454 Galliarum,
547 3394 576 3444 et
598 3383 813 3442 Viennensium
827 3401 935 3452 uurunr,

78 3486 127 3540 ‘et
144 3487 235 3558 prelia
262 3489 391 3545 laborum
414 3502 528 3543 suorum
552 3481 719 3550 occultare,’
742 3482 935 3549 clamitantes,

79 3579 191 3670 direptis
215 3585 347 3653 sarcinis,
376 3586 563 3645 tabernuculis
583 3584 686 3652 Ducis,
710 3582 858 3661 ipsamque
886 3580 935 3644 bu·
