2509 4292
282 348 330 418 62
626 368 811 418 arnamar
885 381 891 387 ·
1002 373 1033 419 a.
1049 372 1078 420 v.
1094 375 1147 422 nr.

279 527 339 591 ‘et,
358 523 427 598 quid
446 523 484 583 de
504 521 643 598 animone
663 523 802 600 abaequio
822 523 980 595 videretur,
993 527 1147 585 referient:

279 622 538 698 ‘trepidabantque
567 630 670 698 genter
700 625 738 681 de
769 606 991 683 exirtimatione
1022 625 1149 700 cingulo

280 728 368 781 ‘rum
411 723 454 781 At
474 739 552 780 nunc
572 722 697 781 colimur
717 728 866 792 externos,
879 728 911 781 et
930 726 1097 785 adulamur:
1117 731 1146 781 et

279 822 442 896 ‘quomodo
461 822 497 879 ad
519 827 618 881 nutum
649 821 773 879 alicuius
800 829 906 896 grater,
927 822 969 881 ita
990 823 1147 898 promptius

281 919 447 979 ‘monartio
477 919 666 977 decernitur:
707 921 936 995 decernaturque
970 928 1002 978 et
1035 925 1149 979 maneat

279 1016 717 1093 ‘provincialibuspolentiam
747 1036 828 1077 ruam
857 1020 910 1075 tali
939 1022 1027 1078 modo
1056 1027 1147 1078 caten·

280 1117 395 1177 ‘tandiz
414 1117 467 1173 red
487 1118 549 1174 laur
571 1117 643 1173 latua
664 1122 695 1173 et
715 1118 847 1190 precibus
868 1135 1008 1192 expressa
1029 1119 1145 1192 perinde

278 1215 497 1282 ‘cohibeantun
516 1232 601 1290 quam
616 1214 738 1284 malitia,
751 1233 836 1290 quam
850 1217 1019 1273 cmdelitca.
1062 1217 1146 1275 Plura

279 1321 384 1386 ‘caepe
417 1320 585 1386 peccantur,
619 1315 688 1371 dum
728 1315 919 1381 demeremur,
951 1333 1039 1390 quam
1077 1317 1142 1373 dum

279 1411 479 1471 ‘omnnium
520 1413 671 1486 Quaedam
704 1412 793 1470 immo
824 1412 946 1471 virtuter
974 1416 1046 1473 odio
1073 1418 1146 1480 sunt,

279 1511 439 1570 ‘reveritae
471 1513 627 1580 obrtinata,
660 1511 790 1569 invictus
830 1515 985 1570 adversum
1026 1512 1145 1588 gratiam

279 1611 421 1668 ‘animun
463 1613 536 1669 luda
555 1610 644 1671 initia
665 1611 888 1686 Magistratunm
909 1618 1072 1673 nostrorum
1092 1627 1146 1671 me·

279 1707 371 1767 ‘liora
391 1709 489 1776 terme,
508 1714 541 1769 et
560 1710 626 1767 linia
646 1711 780 1777 inclinat,
801 1712 878 1771 dum.
897 1710 931 1769 in
950 1712 1145 1781 modumcan·

279 1805 468 1875 ‘dilictorum
481 1807 614 1881 suffugia
628 1809 842 1884 conquirimus:
862 1827 935 1883 quae
949 1809 974 1865 ai
988 1814 1145 1876 arceantur,

279 1905 478 1982 ‘aequabilior
507 1913 593 1981 atque
606 1909 791 1966 cunctantius
811 1907 981 1981 provinciae
1004 1913 1142 1982 regentur.

278 2010 366 2069 ‘cam
385 2010 417 2063 ut
436 2011 515 2067 metu
544 2007 766 2078 repetundarum
795 2007 920 2065 infracta
947 2007 1072 2064 avaritia
1092 2011 1143 2073 eat,

278 2105 349 2172 ‘itu
370 2105 463 2165 vetita
482 2104 637 2181 gratiarum
657 2105 784 2173 actione,
803 2106 925 2164 ambitio
944 2100 1144 2165 cohibebitur.’

225 2205 267 2263 22
279 2203 390 2279 Magno
409 2206 534 2265 munau
554 2206 702 2262 celebrata
722 2204 878 2273 sententia,
897 2222 957 2261 non
976 2217 1075 2263 tamen
1096 2207 1144 2262 Se·

278 2309 364 2363 natue
383 2307 546 2363 conrultmn
567 2303 667 2376 pertici
688 2303 790 2377 potuit,
810 2303 1004 2363 abnuentibus
1024 2302 1145 2361 consuli·

278 2402 331 2463 lam
364 2419 400 2458 ea
427 2404 465 2458 de
495 2419 526 2458 ro
554 2404 695 2465 relatum,
736 2401 819 2468 Mon,
846 2406 965 2459 auctore
1000 2402 1143 2475 Principe,

278 2515 412 2565 unxere,
431 2506 487 2556 ‘no
516 2499 580 2573 quia
600 2502 639 2557 ad
665 2500 824 2558 concilium
854 2500 999 2557 sociorum
1020 2501 1141 2566 referret,

276 2598 423 2670 ‘agendae
437 2599 512 2669 apud
534 2598 674 2655 Senatum
695 2598 931 2671 Propraetoribua
946 2600 1142 2656 Proreconru·

279 2695 375 2755 ‘libna
397 2703 502 2767 grater,
531 2714 587 2755 nen
621 2700 685 2771 quir
718 2715 755 2755 ea
782 2698 930 2772 legatione
962 2697 1143 2772 iungereturr

277 2793 387 2855 liudem
403 2795 579 2859 Conantibus
600 2796 785 2870 gymnasium
806 2796 866 2853 ictu
890 2797 1021 2868 fulminis
1040 2794 1142 2854 confla·

276 2894 382 2969 gravit,
415 2894 581 2970 effigiesque
605 2895 637 2953 in
671 2912 708 2952 eo
728 2896 857 2953 Neronia
876 2896 913 2953 ad
942 2895 1064 2953 informe
1093 2908 1140 2949 aea

277 2993 444 3069 liquefacta.
485 2993 525 3051 Et
545 2999 624 3051 motu
646 2998 749 3063 terrae,
768 2996 885 3052 celebre
900 2994 1081 3068 Campaniae
1093 3007 1140 3064 op

276 3094 386 3168 pidum,
405 3092 547 3165 Pompeii,
568 3109 673 3167 magua
687 3110 725 3151 ex
749 3098 830 3167 parte
857 3092 975 3166 proruit.
1018 3092 1140 3148 Defunc-

276 3198 363 3267 taque
386 3194 469 3266 virgo
483 3192 613 3248 Vertalir
628 3190 742 3258 Laelia,
761 3190 793 3248 in
813 3191 895 3248 cuius
916 3194 1014 3249 locum
1036 3191 1141 3246 Corne·

221 3287 264 3347 23
274 3292 315 3350 lia
327 3310 366 3351 ex
379 3291 490 3350 familia
505 3290 660 3348 Corsorum
673 3295 761 3363 capta
771 3299 824 3346 eat.
867 3289 1010 3346 Memmio
1021 3288 1139 3360 Regulo,

274 3398 305 3450 et
328 3392 473 3465 Verginio
500 3389 577 3447 Rufo
604 3406 685 3447 coss.
715 3396 813 3449 natam
844 3388 900 3448 eibi
932 3405 971 3444 ex
1006 3388 1139 3458 Poppaea

271 3490 361 3550 tiliam
384 3491 413 3547 N
415 3507 465 3548 ero
488 3490 561 3548 ultra
587 3489 708 3545 mortale
723 3488 863 3561 gaudium
876 3486 1003 3560 accepit,
1017 3483 1140 3557 adpella-

301 3641 458 3689 Virluteroda'o
467 3641 528 3702 runt]
561 3641 867 3703 vulgoquieargraratur.
900 3638 962 3697 lips.
