<?xml version="1.0" encoding="UTF-8"?>
<!DOCTYPE html PUBLIC "-//W3C//DTD XHTML 1.0 Transitional//EN"
    "http://www.w3.org/TR/xhtml1/DTD/xhtml1-transitional.dtd">
<html xmlns="http://www.w3.org/1999/xhtml" xml:lang="en" lang="en">
 <head>
  <title>
</title>
<meta http-equiv="Content-Type" content="text/html;charset=utf-8" />
  <meta name='ocr-system' content='tesseract 3.04.00' />
  <meta name='ocr-capabilities' content='ocr_page ocr_carea ocr_par ocr_line ocrx_word'/>
</head>
<body>
  <div class='ocr_page' id='page_1' title='image "./ccorneliitaciti03brotgoog_0037.png"; bbox 0 0 2509 4292; ppageno 0'>
   <div class='ocr_carea' id='block_1_1' title="bbox 137 377 1020 448">
    <p class='ocr_par' dir='ltr' id='par_1_1' title="bbox 137 377 1020 448">
     <span class='ocr_line' id='line_1_1' title="bbox 137 377 1020 448; baseline 0 -2"><span class='ocrx_word' id='word_1_1' title='bbox 137 396 169 446; x_wconf 78' lang='lat' dir='ltr'><strong>t.</strong></span> <span class='ocrx_word' id='word_1_2' title='bbox 187 397 270 446; x_wconf 67' lang='lat' dir='ltr'><strong>css.</strong></span> <span class='ocrx_word' id='word_1_3' title='bbox 365 377 850 448; x_wconf 75' lang='lat' dir='ltr'><strong>uls.x1v.o.sn.34.—36.</strong></span> <span class='ocrx_word' id='word_1_4' title='bbox 972 377 1020 447; x_wconf 79' lang='grc'><strong>27</strong></span> 
     </span>
    </p>
   </div>
   <div class='ocr_carea' id='block_1_2' title="bbox 93 551 1138 3299">
    <p class='ocr_par' dir='ltr' id='par_1_2' title="bbox 93 551 1138 3299">
     <span class='ocr_line' id='line_1_2' title="bbox 144 551 1023 627; baseline 0.005 -20"><span class='ocrx_word' id='word_1_5' title='bbox 144 551 305 624; x_wconf 79' lang='lat' dir='ltr'><strong>pisnitiem</strong></span> <span class='ocrx_word' id='word_1_6' title='bbox 318 569 394 620; x_wconf 85' lang='lat' dir='ltr'><strong>esse,</strong></span> <span class='ocrx_word' id='word_1_7' title='bbox 418 552 483 610; x_wconf 88' lang='lat' dir='ltr'><strong>sine</strong></span> <span class='ocrx_word' id='word_1_8' title='bbox 505 557 583 611; x_wconf 88' lang='lat' dir='ltr'><strong>metu</strong></span> <span class='ocrx_word' id='word_1_9' title='bbox 607 552 788 611; x_wconf 77' lang='lat' dir='ltr'><strong>insidiarum.</strong></span> <span class='ocrx_word' id='word_1_10' title='bbox 829 554 921 627; x_wconf 78' lang='lat' dir='ltr'><strong>Igitur</strong></span> <span class='ocrx_word' id='word_1_11' title='bbox 934 553 1023 627; x_wconf 78' lang='lat' dir='ltr'><strong>tegio·</strong></span> 
     </span>
     <span class='ocr_line' id='line_1_3' title="bbox 138 650 1023 725; baseline 0.002 -18"><span class='ocrx_word' id='word_1_12' title='bbox 138 650 242 707; x_wconf 75' lang='lat' dir='ltr'><strong>nerins</strong></span> <span class='ocrx_word' id='word_1_13' title='bbox 269 652 409 725; x_wconf 75' lang='lat' dir='ltr'>frequens</span> <span class='ocrx_word' id='word_1_14' title='bbox 436 651 594 720; x_wconf 72' lang='lat' dir='ltr'>ordinibus,</span> <span class='ocrx_word' id='word_1_15' title='bbox 622 652 699 709; x_wconf 79' lang='lat' dir='ltr'><strong>teris</strong></span> <span class='ocrx_word' id='word_1_16' title='bbox 732 651 844 708; x_wconf 81' lang='lat' dir='ltr'><strong>oireuns</strong></span> <span class='ocrx_word' id='word_1_17' title='bbox 871 658 1023 718; x_wconf 79' lang='lat' dir='ltr'><strong>armatum,</strong></span> 
     </span>
     <span class='ocr_line' id='line_1_4' title="bbox 141 750 1023 825; baseline 0.005 -21"><span class='ocrx_word' id='word_1_18' title='bbox 141 750 339 822; x_wconf 79' lang='lat' dir='ltr'><strong>conglobatus</strong></span> <span class='ocrx_word' id='word_1_19' title='bbox 360 767 411 822; x_wconf 93' lang='lat' dir='ltr'><strong>pro</strong></span> <span class='ocrx_word' id='word_1_20' title='bbox 424 750 560 808; x_wconf 80' lang='lat' dir='ltr'><strong>cornibus</strong></span> <span class='ocrx_word' id='word_1_21' title='bbox 573 768 662 825; x_wconf 84' lang='lat' dir='ltr'><strong>eques</strong></span> <span class='ocrx_word' id='word_1_22' title='bbox 676 751 800 808; x_wconf 73' lang='lat' dir='ltr'><strong>adstitit.</strong></span> <span class='ocrx_word' id='word_1_23' title='bbox 843 752 887 808; x_wconf 83' lang='lat' dir='ltr'><strong>At</strong></span> <span class='ocrx_word' id='word_1_24' title='bbox 907 751 1023 808; x_wconf 86' lang='lat' dir='ltr'><strong>Britan·</strong></span> 
     </span>
     <span class='ocr_line' id='line_1_5' title="bbox 142 847 1024 922; baseline 0.003 -19"><span class='ocrx_word' id='word_1_25' title='bbox 142 864 251 904; x_wconf 89' lang='lat' dir='ltr'><strong>norum</strong></span> <span class='ocrx_word' id='word_1_26' title='bbox 279 847 387 921; x_wconf 81' lang='lat' dir='ltr'><strong>oopiue</strong></span> <span class='ocrx_word' id='word_1_27' title='bbox 419 847 527 921; x_wconf 76' lang='lat' dir='ltr'><strong>passim</strong></span> <span class='ocrx_word' id='word_1_28' title='bbox 561 866 613 922; x_wconf 88' lang='lat' dir='ltr'><strong>per</strong></span> <span class='ocrx_word' id='word_1_29' title='bbox 636 854 772 906; x_wconf 66' lang='lat' dir='ltr'><strong>enervus</strong></span> <span class='ocrx_word' id='word_1_30' title='bbox 792 854 822 906; x_wconf 90' lang='lat' dir='ltr'><strong>et</strong></span> <span class='ocrx_word' id='word_1_31' title='bbox 850 856 960 906; x_wconf 76' lang='lat' dir='ltr'><strong>turmas</strong></span> <span class='ocrx_word' id='word_1_32' title='bbox 973 866 1024 907; x_wconf 85' lang='lat' dir='ltr'><strong>ex·</strong></span> 
     </span>
     <span class='ocr_line' id='line_1_6' title="bbox 142 947 1024 1018; baseline 0.003 -16"><span class='ocrx_word' id='word_1_33' title='bbox 142 948 302 1013; x_wconf 71' lang='lat' dir='ltr'><strong>sultanum,</strong></span> <span class='ocrx_word' id='word_1_34' title='bbox 323 951 432 1018; x_wconf 79' lang='lat' dir='ltr'><strong>quantu</strong></span> <span class='ocrx_word' id='word_1_35' title='bbox 443 964 503 1004; x_wconf 92' lang='lat' dir='ltr'><strong>non</strong></span> <span class='ocrx_word' id='word_1_36' title='bbox 516 947 590 1004; x_wconf 80' lang='lat' dir='ltr'><strong>eiius</strong></span> <span class='ocrx_word' id='word_1_37' title='bbox 604 947 777 1017; x_wconf 78' lang='lat' dir='ltr'><strong>muttitud03</strong></span> <span class='ocrx_word' id='word_1_38' title='bbox 792 954 822 1005; x_wconf 87' lang='lat' dir='ltr'><strong>et</strong></span> <span class='ocrx_word' id='word_1_39' title='bbox 834 947 935 1005; x_wconf 76' lang='lat' dir='ltr'><strong>animo</strong></span> <span class='ocrx_word' id='word_1_40' title='bbox 948 949 1024 1005; x_wconf 78' lang='lat' dir='ltr'><strong>odeo</strong></span> 
     </span>
     <span class='ocr_line' id='line_1_7' title="bbox 143 1046 1024 1121; baseline 0.006 -21"><span class='ocrx_word' id='word_1_41' title='bbox 143 1046 219 1111; x_wconf 78' lang='lat' dir='ltr'><strong>fero,</strong></span> <span class='ocrx_word' id='word_1_42' title='bbox 240 1051 272 1101; x_wconf 85' lang='lat' dir='ltr'><strong>ut</strong></span> <span class='ocrx_word' id='word_1_43' title='bbox 300 1046 442 1119; x_wconf 77' lang='lat' dir='ltr'><strong>coniuges</strong></span> <span class='ocrx_word' id='word_1_44' title='bbox 465 1063 579 1121; x_wconf 83' lang='lat' dir='ltr'><strong>qnoque</strong></span> <span class='ocrx_word' id='word_1_45' title='bbox 612 1051 703 1104; x_wconf 86' lang='lat' dir='ltr'><strong>testes</strong></span> <span class='ocrx_word' id='word_1_46' title='bbox 739 1046 883 1104; x_wconf 75' lang='lat' dir='ltr'><strong>victorine</strong></span> <span class='ocrx_word' id='word_1_47' title='bbox 921 1064 1024 1105; x_wconf 85' lang='lat' dir='ltr'><strong>seeum</strong></span> 
     </span>
     <span class='ocr_line' id='line_1_8' title="bbox 139 1146 1024 1221; baseline 0.002 -21"><span class='ocrx_word' id='word_1_48' title='bbox 139 1147 307 1211; x_wconf 79' lang='lat' dir='ltr'><strong>traherent,</strong></span> <span class='ocrx_word' id='word_1_49' title='bbox 347 1146 541 1221; x_wconf 67' lang='lat' dir='ltr'><strong>plaustrisque</strong></span> <span class='ocrx_word' id='word_1_50' title='bbox 587 1146 772 1219; x_wconf 78' lang='lat' dir='ltr'><strong>inponerent,</strong></span> <span class='ocrx_word' id='word_1_51' title='bbox 811 1164 886 1221; x_wconf 83' lang='lat' dir='ltr'><strong>quse</strong></span> <span class='ocrx_word' id='word_1_52' title='bbox 935 1162 1024 1219; x_wconf 84' lang='lat' dir='ltr'><strong>super</strong></span> 
     </span>
     <span class='ocr_line' id='line_1_9' title="bbox 138 1245 1075 1318; baseline -0.001 -17"><span class='ocrx_word' id='word_1_53' title='bbox 138 1251 308 1301; x_wconf 86' lang='lat' dir='ltr'><strong>extremum</strong></span> <span class='ocrx_word' id='word_1_54' title='bbox 343 1245 487 1303; x_wconf 76' lang='lat' dir='ltr'><strong>ambitum</strong></span> <span class='ocrx_word' id='word_1_55' title='bbox 521 1245 621 1317; x_wconf 81' lang='lat' dir='ltr'><strong>europi</strong></span> <span class='ocrx_word' id='word_1_56' title='bbox 656 1250 820 1318; x_wconf 77' lang='lat' dir='ltr'><strong>posuerunt.</strong></span> <span class='ocrx_word' id='word_1_57' title='bbox 862 1245 1075 1313; x_wconf 80' lang='lat' dir='ltr'><strong>Boudieeu,35</strong></span> 
     </span>
     <span class='ocr_line' id='line_1_10' title="bbox 141 1336 1022 1418; baseline 0.003 -20"><span class='ocrx_word' id='word_1_58' title='bbox 141 1358 229 1399; x_wconf 85' lang='lat' dir='ltr'><strong>eurru</strong></span> <span class='ocrx_word' id='word_1_59' title='bbox 259 1343 335 1399; x_wconf 82' lang='lat' dir='ltr'><strong>iiiios</strong></span> <span class='ocrx_word' id='word_1_60' title='bbox 367 1360 436 1415; x_wconf 85' lang='lat' dir='ltr'><strong>prus</strong></span> <span class='ocrx_word' id='word_1_61' title='bbox 456 1361 507 1400; x_wconf 75' lang='lat' dir='ltr'><strong>ss</strong></span> <span class='ocrx_word' id='word_1_62' title='bbox 539 1344 660 1409; x_wconf 85' lang='lat' dir='ltr'><strong>vehens,</strong></span> <span class='ocrx_word' id='word_1_63' title='bbox 677 1336 724 1400; x_wconf 50' lang='lat' dir='ltr'><strong>&amp;t</strong></span> <span class='ocrx_word' id='word_1_64' title='bbox 757 1360 899 1418; x_wconf 82' lang='lat' dir='ltr'><strong>quamque</strong></span> <span class='ocrx_word' id='word_1_65' title='bbox 928 1343 1022 1401; x_wconf 82' lang='lat' dir='ltr'><strong>nstio·</strong></span> 
     </span>
     <span class='ocr_line' id='line_1_11' title="bbox 143 1441 1024 1515; baseline 0.001 -17"><span class='ocrx_word' id='word_1_66' title='bbox 143 1458 215 1498; x_wconf 87' lang='lat' dir='ltr'><strong>nem</strong></span> <span class='ocrx_word' id='word_1_67' title='bbox 249 1446 423 1510; x_wconf 77' lang='lat' dir='ltr'><strong>secesserat,</strong></span> <span class='ocrx_word' id='word_1_68' title='bbox 455 1442 600 1499; x_wconf 83' lang='lat' dir='ltr'><strong>‘sotitunr</strong></span> <span class='ocrx_word' id='word_1_69' title='bbox 631 1441 748 1515; x_wconf 88' lang='lat' dir='ltr'><strong>quidem</strong></span> <span class='ocrx_word' id='word_1_70' title='bbox 788 1441 949 1509; x_wconf 79' lang='lat' dir='ltr'><strong>Britannis,</strong></span> <span class='ocrx_word' id='word_1_71' title='bbox 983 1442 1024 1499; x_wconf 82' lang='lat' dir='ltr'><strong>is·</strong></span> 
     </span>
     <span class='ocr_line' id='line_1_12' title="bbox 142 1537 1023 1608; baseline 0.006 -13"><span class='ocrx_word' id='word_1_72' title='bbox 142 1537 314 1596; x_wconf 83' lang='lat' dir='ltr'><strong>‘minorum</strong></span> <span class='ocrx_word' id='word_1_73' title='bbox 345 1541 434 1597; x_wconf 82' lang='lat' dir='ltr'><strong>duetu</strong></span> <span class='ocrx_word' id='word_1_74' title='bbox 468 1540 597 1608; x_wconf 58' lang='lat' dir='ltr'><strong>bettore?</strong></span> <span class='ocrx_word' id='word_1_75' title='bbox 628 1544 809 1598; x_wconf 76' lang='lat' dir='ltr'><strong>testabatur:</strong></span> <span class='ocrx_word' id='word_1_76' title='bbox 844 1542 916 1598; x_wconf 83' lang='lat' dir='ltr'><strong>‘sed</strong></span> <span class='ocrx_word' id='word_1_77' title='bbox 951 1547 1023 1600; x_wconf 85' lang='lat' dir='ltr'><strong>tuno</strong></span> 
     </span>
     <span class='ocr_line' id='line_1_13' title="bbox 140 1640 1017 1715; baseline 0.007 -22"><span class='ocrx_word' id='word_1_78' title='bbox 140 1656 234 1704; x_wconf 70' lang='lat' dir='ltr'><strong>cnon,</strong></span> <span class='ocrx_word' id='word_1_79' title='bbox 256 1644 294 1696; x_wconf 78' lang='lat' dir='ltr'><strong>&#39;ut</strong></span> <span class='ocrx_word' id='word_1_80' title='bbox 321 1640 413 1696; x_wconf 85' lang='lat' dir='ltr'><strong>tontis</strong></span> <span class='ocrx_word' id='word_1_81' title='bbox 430 1640 586 1697; x_wconf 81' lang='lat' dir='ltr'><strong>maioribus</strong></span> <span class='ocrx_word' id='word_1_82' title='bbox 606 1646 708 1707; x_wconf 82' lang='lat' dir='ltr'><strong>ortum,</strong></span> <span class='ocrx_word' id='word_1_83' title='bbox 738 1641 873 1714; x_wconf 79' lang='lat' dir='ltr'><strong>Regnum</strong></span> <span class='ocrx_word' id='word_1_84' title='bbox 891 1646 1017 1715; x_wconf 83' lang='lat' dir='ltr'><strong>stupes,</strong></span> 
     </span>
     <span class='ocr_line' id='line_1_14' title="bbox 142 1741 1023 1813; baseline 0.007 -20"><span class='ocrx_word' id='word_1_85' title='bbox 142 1742 271 1794; x_wconf 82' lang='lat' dir='ltr'><strong>‘verum</strong></span> <span class='ocrx_word' id='word_1_86' title='bbox 292 1743 325 1794; x_wconf 90' lang='lat' dir='ltr'><strong>ut</strong></span> <span class='ocrx_word' id='word_1_87' title='bbox 349 1754 438 1795; x_wconf 86' lang='lat' dir='ltr'><strong>unum</strong></span> <span class='ocrx_word' id='word_1_88' title='bbox 465 1757 481 1794; x_wconf 90' lang='lat' dir='ltr'><strong>e</strong></span> <span class='ocrx_word' id='word_1_89' title='bbox 502 1742 594 1813; x_wconf 83' lang='lat' dir='ltr'><strong>vulgo</strong></span> <span class='ocrx_word' id='word_1_90' title='bbox 606 1741 770 1796; x_wconf 80' lang='lat' dir='ltr'><strong>libertatem</strong></span> <span class='ocrx_word' id='word_1_91' title='bbox 794 1741 941 1808; x_wconf 75' lang='lat' dir='ltr'><strong>amissum,</strong></span> <span class='ocrx_word' id='word_1_92' title='bbox 954 1759 1023 1799; x_wconf 83' lang='lat' dir='ltr'><strong>oon-</strong></span> 
     </span>
     <span class='ocr_line' id='line_1_15' title="bbox 128 1836 1022 1915; baseline 0.007 -23"><span class='ocrx_word' id='word_1_93' title='bbox 128 1836 274 1893; x_wconf 78' lang='lat' dir='ltr'><strong>&#39;‘t&#39;entum</strong></span> <span class='ocrx_word' id='word_1_94' title='bbox 291 1837 458 1894; x_wconf 75' lang='lat' dir='ltr'><strong>verberibus</strong></span> <span class='ocrx_word' id='word_1_95' title='bbox 470 1856 585 1911; x_wconf 73' lang='lat' dir='ltr'><strong>eorpus,</strong></span> <span class='ocrx_word' id='word_1_96' title='bbox 607 1846 818 1897; x_wconf 77' lang='lat' dir='ltr'><strong>contrectatum</strong></span> <span class='ocrx_word' id='word_1_97' title='bbox 833 1841 956 1898; x_wconf 72' lang='lat' dir='ltr'><strong>fiturum</strong></span> <span class='ocrx_word' id='word_1_98' title='bbox 971 1860 1022 1915; x_wconf 92' lang='lat' dir='ltr'><strong>pu·</strong></span> 
     </span>
     <span class='ocr_line' id='line_1_16' title="bbox 141 1935 1023 2013; baseline 0.008 -21"><span class='ocrx_word' id='word_1_99' title='bbox 141 1935 301 1992; x_wconf 82' lang='lat' dir='ltr'><strong>‘dieitiunr&#39;</strong></span> <span class='ocrx_word' id='word_1_100' title='bbox 309 1937 422 1994; x_wconf 84' lang='lat' dir='ltr'><strong>uicisei.</strong></span> <span class='ocrx_word' id='word_1_101' title='bbox 438 1956 474 1993; x_wconf 89' lang='lat' dir='ltr'><strong>eo</strong></span> <span class='ocrx_word' id='word_1_102' title='bbox 485 1946 640 2011; x_wconf 76' lang='lat' dir='ltr'><strong>provectus</strong></span> <span class='ocrx_word' id='word_1_103' title='bbox 652 1941 849 1998; x_wconf 79' lang='lat' dir='ltr'><strong>Romanorum</strong></span> <span class='ocrx_word' id='word_1_104' title='bbox 859 1942 1023 2013; x_wconf 83' lang='lat' dir='ltr'><strong>eupidines,</strong></span> 
     </span>
     <span class='ocr_line' id='line_1_17' title="bbox 93 2038 1023 2113; baseline 0.006 -24"><span class='ocrx_word' id='word_1_105' title='bbox 93 2095 101 2113; x_wconf 39' lang='lat'><strong><em>¹</em></strong></span> <span class='ocrx_word' id='word_1_106' title='bbox 141 2039 267 2091; x_wconf 82' lang='lat' dir='ltr'><strong>‘utnon</strong></span> <span class='ocrx_word' id='word_1_107' title='bbox 290 2052 422 2107; x_wconf 81' lang='lat' dir='ltr'><strong>corpora,</strong></span> <span class='ocrx_word' id='word_1_108' title='bbox 437 2055 474 2093; x_wconf 91' lang='lat' dir='ltr'><strong>ne</strong></span> <span class='ocrx_word' id='word_1_109' title='bbox 488 2045 640 2094; x_wconf 73' lang='lat' dir='ltr'><strong>senectam</strong></span> <span class='ocrx_word' id='word_1_110' title='bbox 654 2039 781 2113; x_wconf 87' lang='lat' dir='ltr'><strong>quidem,</strong></span> <span class='ocrx_word' id='word_1_111' title='bbox 804 2043 854 2095; x_wconf 83' lang='lat' dir='ltr'><strong>sut</strong></span> <span class='ocrx_word' id='word_1_112' title='bbox 868 2038 1023 2112; x_wconf 76' lang='lat' dir='ltr'><strong>virginita-</strong></span> 
     </span>
     <span class='ocr_line' id='line_1_18' title="bbox 140 2134 1025 2210; baseline 0.007 -21"><span class='ocrx_word' id='word_1_113' title='bbox 140 2137 225 2190; x_wconf 85' lang='lat' dir='ltr'><strong>‘tem</strong></span> <span class='ocrx_word' id='word_1_114' title='bbox 252 2134 425 2208; x_wconf 86' lang='lat' dir='ltr'><strong>inpoiiutam</strong></span> <span class='ocrx_word' id='word_1_115' title='bbox 455 2137 628 2210; x_wconf 82' lang='lat' dir='ltr'><strong>relinquant·</strong></span> <span class='ocrx_word' id='word_1_116' title='bbox 685 2139 800 2194; x_wconf 80' lang='lat' dir='ltr'><strong>Adesse</strong></span> <span class='ocrx_word' id='word_1_117' title='bbox 820 2144 918 2193; x_wconf 84' lang='lat' dir='ltr'><strong>tumen</strong></span> <span class='ocrx_word' id='word_1_118' title='bbox 941 2139 1025 2195; x_wconf 84' lang='lat' dir='ltr'><strong>Deos</strong></span> 
     </span>
     <span class='ocr_line' id='line_1_19' title="bbox 142 2231 1024 2309; baseline 0.007 -22"><span class='ocrx_word' id='word_1_119' title='bbox 142 2231 260 2289; x_wconf 85' lang='lat' dir='ltr'><strong>‘iustue</strong></span> <span class='ocrx_word' id='word_1_120' title='bbox 275 2234 436 2291; x_wconf 76' lang='lat' dir='ltr'><strong>vindictae.</strong></span> <span class='ocrx_word' id='word_1_121' title='bbox 461 2235 607 2293; x_wconf 85' lang='lat' dir='ltr'><strong>oeoidisse</strong></span> <span class='ocrx_word' id='word_1_122' title='bbox 622 2235 780 2309; x_wconf 57' lang='lat' dir='ltr'><strong>hagionem,</strong></span> <span class='ocrx_word' id='word_1_123' title='bbox 793 2252 868 2309; x_wconf 81' lang='lat' dir='ltr'><strong>quoe</strong></span> <span class='ocrx_word' id='word_1_124' title='bbox 883 2235 1024 2308; x_wconf 84' lang='lat' dir='ltr'><strong>proelium</strong></span> 
     </span>
     <span class='ocr_line' id='line_1_20' title="bbox 142 2332 1025 2409; baseline 0.007 -22"><span class='ocrx_word' id='word_1_125' title='bbox 142 2334 237 2388; x_wconf 81' lang='lat' dir='ltr'><strong>‘ansa</strong></span> <span class='ocrx_word' id='word_1_126' title='bbox 257 2332 314 2389; x_wconf 88' lang='lat' dir='ltr'><strong>sit:</strong></span> <span class='ocrx_word' id='word_1_127' title='bbox 335 2338 448 2390; x_wconf 82' lang='lat' dir='ltr'><strong>ceteros</strong></span> <span class='ocrx_word' id='word_1_128' title='bbox 472 2335 576 2391; x_wconf 74' lang='lat' dir='ltr'><strong>eastris</strong></span> <span class='ocrx_word' id='word_1_129' title='bbox 597 2334 823 2403; x_wconf 76' lang='lat' dir='ltr'><strong>oeeuttsri,nut</strong></span> <span class='ocrx_word' id='word_1_130' title='bbox 847 2334 944 2409; x_wconf 79' lang='lat' dir='ltr'><strong>rugam</strong></span> <span class='ocrx_word' id='word_1_131' title='bbox 972 2335 1025 2395; x_wconf 86' lang='lat' dir='ltr'><strong>cir·</strong></span> 
     </span>
     <span class='ocr_line' id='line_1_21' title="bbox 144 2431 1025 2508; baseline 0.01 -24"><span class='ocrx_word' id='word_1_132' title='bbox 144 2431 360 2503; x_wconf 75' lang='lat' dir='ltr'><strong>reumspieere.</strong></span> <span class='ocrx_word' id='word_1_133' title='bbox 403 2433 450 2489; x_wconf 89' lang='lat' dir='ltr'><strong>Ne</strong></span> <span class='ocrx_word' id='word_1_134' title='bbox 464 2434 616 2506; x_wconf 85' lang='lat' dir='ltr'><strong>strepitum</strong></span> <span class='ocrx_word' id='word_1_135' title='bbox 632 2432 748 2508; x_wconf 88' lang='lat' dir='ltr'><strong>quidem</strong></span> <span class='ocrx_word' id='word_1_136' title='bbox 764 2439 794 2490; x_wconf 86' lang='lat' dir='ltr'><strong>et</strong></span> <span class='ocrx_word' id='word_1_137' title='bbox 807 2435 966 2491; x_wconf 83' lang='lat' dir='ltr'><strong>clamorem</strong></span> <span class='ocrx_word' id='word_1_138' title='bbox 979 2440 1025 2493; x_wconf 90' lang='lat' dir='ltr'><strong>tot</strong></span> 
     </span>
     <span class='ocr_line' id='line_1_22' title="bbox 140 2529 1025 2605; baseline 0.007 -19"><span class='ocrx_word' id='word_1_139' title='bbox 140 2529 297 2595; x_wconf 71' lang='lat' dir='ltr'><strong>‘mittium</strong></span> <span class='ocrx_word' id='word_1_140' title='bbox 326 2532 433 2588; x_wconf 89' lang='lat' dir='ltr'><strong>nedum</strong></span> <span class='ocrx_word' id='word_1_141' title='bbox 461 2532 577 2604; x_wconf 87' lang='lat' dir='ltr'><strong>inpetus</strong></span> <span class='ocrx_word' id='word_1_142' title='bbox 605 2539 635 2589; x_wconf 92' lang='lat' dir='ltr'><strong>et</strong></span> <span class='ocrx_word' id='word_1_143' title='bbox 657 2549 758 2590; x_wconf 83' lang='lat' dir='ltr'><strong>manus</strong></span> <span class='ocrx_word' id='word_1_144' title='bbox 780 2534 948 2605; x_wconf 82' lang='lat' dir='ltr'><strong>perintnros.</strong></span> <span class='ocrx_word' id='word_1_145' title='bbox 990 2536 1025 2592; x_wconf 87' lang='lat' dir='ltr'><strong>Si</strong></span> 
     </span>
     <span class='ocr_line' id='line_1_23' title="bbox 144 2627 1023 2708; baseline 0.008 -23"><span class='ocrx_word' id='word_1_146' title='bbox 144 2627 268 2701; x_wconf 76' lang='lat' dir='ltr'><strong>‘copias</strong></span> <span class='ocrx_word' id='word_1_147' title='bbox 292 2634 475 2705; x_wconf 78' lang='lat' dir='ltr'><strong>armatorum,</strong></span> <span class='ocrx_word' id='word_1_148' title='bbox 503 2630 528 2687; x_wconf 91' lang='lat' dir='ltr'><strong>si</strong></span> <span class='ocrx_word' id='word_1_149' title='bbox 552 2648 670 2688; x_wconf 81' lang='lat' dir='ltr'><strong>caussas</strong></span> <span class='ocrx_word' id='word_1_150' title='bbox 700 2632 770 2689; x_wconf 87' lang='lat' dir='ltr'><strong>betti</strong></span> <span class='ocrx_word' id='word_1_151' title='bbox 793 2650 893 2690; x_wconf 80' lang='lat' dir='ltr'><strong>seeum</strong></span> <span class='ocrx_word' id='word_1_152' title='bbox 914 2652 1023 2708; x_wconf 83' lang='lat' dir='ltr'><strong>expeu-</strong></span> 
     </span>
     <span class='ocr_line' id='line_1_24' title="bbox 142 2730 1023 2799; baseline 0.005 -13"><span class='ocrx_word' id='word_1_153' title='bbox 142 2749 151 2777; x_wconf 73' lang='grc' dir='ltr'>ι</span> <span class='ocrx_word' id='word_1_154' title='bbox 164 2731 279 2797; x_wconf 77' lang='lat' dir='ltr'><strong>dorent,</strong></span> <span class='ocrx_word' id='word_1_155' title='bbox 292 2732 471 2788; x_wconf 77' lang='lat' dir='ltr'><strong>vincendum</strong></span> <span class='ocrx_word' id='word_1_156' title='bbox 483 2730 536 2787; x_wconf 83' lang='lat' dir='ltr'><strong>itio</strong></span> <span class='ocrx_word' id='word_1_157' title='bbox 550 2730 624 2799; x_wconf 83' lang='lat' dir='ltr'><strong>soie,</strong></span> <span class='ocrx_word' id='word_1_158' title='bbox 637 2734 687 2788; x_wconf 84' lang='lat' dir='ltr'><strong>vei</strong></span> <span class='ocrx_word' id='word_1_159' title='bbox 696 2733 859 2790; x_wconf 80' lang='lat' dir='ltr'><strong>uadendum</strong></span> <span class='ocrx_word' id='word_1_160' title='bbox 873 2751 947 2790; x_wconf 89' lang='lat' dir='ltr'><strong>esse.</strong></span> <span class='ocrx_word' id='word_1_161' title='bbox 987 2735 1023 2791; x_wconf 92' lang='lat' dir='ltr'><strong>ld</strong></span> 
     </span>
     <span class='ocr_line' id='line_1_25' title="bbox 143 2828 1076 2898; baseline 0.006 -14"><span class='ocrx_word' id='word_1_162' title='bbox 143 2829 283 2885; x_wconf 79' lang='lat' dir='ltr'><strong>‘mutiet-i</strong></span> <span class='ocrx_word' id='word_1_163' title='bbox 298 2828 493 2886; x_wconf 71' lang='lat' dir='ltr'><strong>destinatumt</strong></span> <span class='ocrx_word' id='word_1_164' title='bbox 515 2829 651 2888; x_wconf 88' lang='lat' dir='ltr'><strong>viverent</strong></span> <span class='ocrx_word' id='word_1_165' title='bbox 666 2831 722 2888; x_wconf 89' lang='lat' dir='ltr'><strong>viri</strong></span> <span class='ocrx_word' id='word_1_166' title='bbox 735 2838 764 2888; x_wconf 90' lang='lat' dir='ltr'><strong>et</strong></span> <span class='ocrx_word' id='word_1_167' title='bbox 778 2831 941 2889; x_wconf 68' lang='lat' dir='ltr'><strong>servirent?</strong></span> <span class='ocrx_word' id='word_1_168' title='bbox 975 2833 1023 2890; x_wconf 89' lang='lat' dir='ltr'><strong>Ne</strong></span> <span class='ocrx_word' id='word_1_169' title='bbox 1034 2838 1076 2898; x_wconf 82' lang='lat'><strong>36</strong></span> 
     </span>
     <span class='ocr_line' id='line_1_26' title="bbox 144 2926 1138 3005; baseline 0.003 -20"><span class='ocrx_word' id='word_1_170' title='bbox 144 2926 306 2985; x_wconf 82' lang='lat' dir='ltr'><strong>Suetonius</strong></span> <span class='ocrx_word' id='word_1_171' title='bbox 332 2927 449 3000; x_wconf 87' lang='lat' dir='ltr'><strong>quidem</strong></span> <span class='ocrx_word' id='word_1_172' title='bbox 472 2928 505 2985; x_wconf 89' lang='lat' dir='ltr'><strong>iu</strong></span> <span class='ocrx_word' id='word_1_173' title='bbox 526 2934 608 2986; x_wconf 82' lang='lat' dir='ltr'><strong>tanto</strong></span> <span class='ocrx_word' id='word_1_174' title='bbox 635 2929 805 2988; x_wconf 79' lang='lat' dir='ltr'><strong>discrimine</strong></span> <span class='ocrx_word' id='word_1_175' title='bbox 830 2931 944 2988; x_wconf 82' lang='lat' dir='ltr'><strong>sitebut.</strong></span> <span class='ocrx_word' id='word_1_176' title='bbox 965 2931 1024 3005; x_wconf 80' lang='lat' dir='ltr'><strong>qui,</strong></span> <span class='ocrx_word' id='word_1_177' title='bbox 1131 2994 1138 3004; x_wconf 46' lang='grc'>,</span> 
     </span>
     <span class='ocr_line' id='line_1_27' title="bbox 141 3028 1024 3101; baseline 0.005 -20"><span class='ocrx_word' id='word_1_178' title='bbox 141 3043 318 3101; x_wconf 83' lang='lat' dir='ltr'><strong>quamquam</strong></span> <span class='ocrx_word' id='word_1_179' title='bbox 338 3028 498 3085; x_wconf 82' lang='lat' dir='ltr'><strong>confideret</strong></span> <span class='ocrx_word' id='word_1_180' title='bbox 513 3028 623 3095; x_wconf 86' lang='lat' dir='ltr'><strong>virtuti,</strong></span> <span class='ocrx_word' id='word_1_181' title='bbox 638 3034 736 3086; x_wconf 80' lang='lat' dir='ltr'><strong>tumen</strong></span> <span class='ocrx_word' id='word_1_182' title='bbox 756 3029 977 3085; x_wconf 76' lang='lat' dir='ltr'><strong>exhortationes</strong></span> <span class='ocrx_word' id='word_1_183' title='bbox 993 3033 1024 3085; x_wconf 89' lang='lat' dir='ltr'><strong>et</strong></span> 
     </span>
     <span class='ocr_line' id='line_1_28' title="bbox 144 3125 1023 3200; baseline 0.001 -19"><span class='ocrx_word' id='word_1_184' title='bbox 144 3143 250 3198; x_wconf 81' lang='lat' dir='ltr'><strong>preses</strong></span> <span class='ocrx_word' id='word_1_185' title='bbox 272 3125 425 3193; x_wconf 77' lang='lat' dir='ltr'><strong>minuebat,</strong></span> <span class='ocrx_word' id='word_1_186' title='bbox 439 3133 446 3159; x_wconf 83' lang='lat'><strong>‘</strong></span> <span class='ocrx_word' id='word_1_187' title='bbox 459 3131 490 3184; x_wconf 87' lang='lat' dir='ltr'><strong>ut</strong></span> <span class='ocrx_word' id='word_1_188' title='bbox 512 3133 682 3200; x_wconf 88' lang='lat' dir='ltr'><strong>spernerent</strong></span> <span class='ocrx_word' id='word_1_189' title='bbox 696 3145 815 3183; x_wconf 84' lang='lat' dir='ltr'><strong>sonores</strong></span> <span class='ocrx_word' id='word_1_190' title='bbox 831 3128 1023 3195; x_wconf 82' lang='lat' dir='ltr'><strong>barbarorum,</strong></span> 
     </span>
     <span class='ocr_line' id='line_1_29' title="bbox 144 3225 1024 3299; baseline 0.002 -19"><span class='ocrx_word' id='word_1_191' title='bbox 144 3230 192 3281; x_wconf 85' lang='lat' dir='ltr'><strong>‘et</strong></span> <span class='ocrx_word' id='word_1_192' title='bbox 204 3225 310 3281; x_wconf 83' lang='lat' dir='ltr'><strong>inanes</strong></span> <span class='ocrx_word' id='word_1_193' title='bbox 326 3226 428 3282; x_wconf 81' lang='lat' dir='ltr'><strong>minus.</strong></span> <span class='ocrx_word' id='word_1_194' title='bbox 441 3228 505 3299; x_wconf 90' lang='lat' dir='ltr'><strong>plus</strong></span> <span class='ocrx_word' id='word_1_195' title='bbox 518 3225 580 3283; x_wconf 84' lang='lat' dir='ltr'><strong>iiiio</strong></span> <span class='ocrx_word' id='word_1_196' title='bbox 591 3226 774 3292; x_wconf 77' lang='lat' dir='ltr'><strong>feminarum,</strong></span> <span class='ocrx_word' id='word_1_197' title='bbox 787 3240 873 3298; x_wconf 86' lang='lat' dir='ltr'><strong>quam</strong></span> <span class='ocrx_word' id='word_1_198' title='bbox 889 3225 1024 3282; x_wconf 87' lang='lat' dir='ltr'><strong>iuventu-</strong></span> 
     </span>
    </p>
   </div>
   <div class='ocr_carea' id='block_1_3' title="bbox 141 3396 1094 3699">
    <p class='ocr_par' dir='ltr' id='par_1_3' title="bbox 141 3396 1094 3699">
     <span class='ocr_line' id='line_1_30' title="bbox 175 3396 1021 3472; baseline 0.002 -27"><span class='ocrx_word' id='word_1_199' title='bbox 175 3397 211 3445; x_wconf 72' lang='grc' dir='ltr'><strong>Νι</strong></span> <span class='ocrx_word' id='word_1_200' title='bbox 221 3402 261 3444; x_wconf 82' lang='lat' dir='ltr'><strong>rtr.</strong></span> <span class='ocrx_word' id='word_1_201' title='bbox 274 3401 304 3444; x_wconf 87' lang='lat' dir='ltr'><strong>tot</strong></span> <span class='ocrx_word' id='word_1_202' title='bbox 313 3398 423 3472; x_wconf 76' lang='lat' dir='ltr'><strong>millium]</strong></span> <span class='ocrx_word' id='word_1_203' title='bbox 454 3398 532 3446; x_wconf 81' lang='lat' dir='ltr'><strong>Fuisse</strong></span> <span class='ocrx_word' id='word_1_204' title='bbox 541 3399 600 3446; x_wconf 83' lang='lat' dir='ltr'><strong>eninr</strong></span> <span class='ocrx_word' id='word_1_205' title='bbox 617 3399 640 3445; x_wconf 89' lang='lat' dir='ltr'><strong>iu</strong></span> <span class='ocrx_word' id='word_1_206' title='bbox 656 3398 706 3443; x_wconf 76' lang='lat' dir='ltr'><strong>soie</strong></span> <span class='ocrx_word' id='word_1_207' title='bbox 715 3396 792 3443; x_wconf 82' lang='lat' dir='ltr'><strong>hostili</strong></span> <span class='ocrx_word' id='word_1_208' title='bbox 806 3398 886 3446; x_wconf 70' lang='lat' dir='ltr'><strong>irritus</strong></span> <span class='ocrx_word' id='word_1_209' title='bbox 902 3417 936 3461; x_wconf 82' lang='grc' dir='ltr'><strong>μυ</strong></span> <span class='ocrx_word' id='word_1_210' title='bbox 950 3400 1021 3456; x_wconf 67' lang='lat' dir='ltr'><strong>tader,</strong></span> 
     </span>
     <span class='ocr_line' id='line_1_31' title="bbox 142 3459 1024 3519; baseline 0.007 -15"><span class='ocrx_word' id='word_1_211' title='bbox 142 3459 170 3513; x_wconf 83' lang='lat' dir='ltr'><strong>id</strong></span> <span class='ocrx_word' id='word_1_212' title='bbox 180 3464 222 3514; x_wconf 80' lang='lat' dir='ltr'><strong>est,</strong></span> <span class='ocrx_word' id='word_1_213' title='bbox 233 3465 324 3506; x_wconf 81' lang='lat' dir='ltr'><strong>centum</strong></span> <span class='ocrx_word' id='word_1_214' title='bbox 341 3460 420 3519; x_wconf 75' lang='lat' dir='ltr'><strong>viginti</strong></span> <span class='ocrx_word' id='word_1_215' title='bbox 434 3461 507 3507; x_wconf 77' lang='lat' dir='ltr'><strong>miliia</strong></span> <span class='ocrx_word' id='word_1_216' title='bbox 517 3463 640 3510; x_wconf 78' lang='lat' dir='ltr'><strong>nominum,</strong></span> <span class='ocrx_word' id='word_1_217' title='bbox 656 3462 703 3508; x_wconf 84' lang='lat' dir='ltr'><strong>Dio</strong></span> <span class='ocrx_word' id='word_1_218' title='bbox 711 3463 828 3507; x_wconf 83' lang='lat' dir='ltr'><strong>annotavit</strong></span> <span class='ocrx_word' id='word_1_219' title='bbox 838 3467 875 3516; x_wconf 84' lang='lat'><strong>62,</strong></span> <span class='ocrx_word' id='word_1_220' title='bbox 886 3467 905 3509; x_wconf 85' lang='lat'><strong>2.</strong></span> <span class='ocrx_word' id='word_1_221' title='bbox 963 3476 1024 3511; x_wconf 82' lang='lat' dir='ltr'><strong>oster</strong></span> 
     </span>
     <span class='ocr_line' id='line_1_32' title="bbox 142 3517 1023 3582; baseline 0.005 -18"><span class='ocrx_word' id='word_1_222' title='bbox 142 3517 229 3574; x_wconf 80' lang='lat' dir='ltr'><strong>omisit,</strong></span> <span class='ocrx_word' id='word_1_223' title='bbox 239 3523 266 3564; x_wconf 89' lang='lat' dir='ltr'><strong>ut</strong></span> <span class='ocrx_word' id='word_1_224' title='bbox 279 3520 345 3580; x_wconf 84' lang='lat' dir='ltr'><strong>plera</strong></span> <span class='ocrx_word' id='word_1_225' title='bbox 362 3520 458 3574; x_wconf 78' lang='lat' dir='ltr'><strong>neatis,</strong></span> <span class='ocrx_word' id='word_1_226' title='bbox 476 3520 498 3566; x_wconf 89' lang='lat' dir='ltr'><strong>in</strong></span> <span class='ocrx_word' id='word_1_227' title='bbox 515 3521 558 3566; x_wconf 84' lang='lat' dir='ltr'><strong>hae</strong></span> <span class='ocrx_word' id='word_1_228' title='bbox 576 3521 719 3567; x_wconf 78' lang='lat' dir='ltr'><strong>narratione:</strong></span> <span class='ocrx_word' id='word_1_229' title='bbox 738 3535 782 3566; x_wconf 92' lang='lat' dir='ltr'><strong>non</strong></span> <span class='ocrx_word' id='word_1_230' title='bbox 800 3522 891 3575; x_wconf 76' lang='lat' dir='ltr'><strong>incuria.</strong></span> <span class='ocrx_word' id='word_1_231' title='bbox 908 3524 1023 3582; x_wconf 82' lang='lat' dir='ltr'><strong>uutcutpa</strong></span> 
     </span>
     <span class='ocr_line' id='line_1_33' title="bbox 141 3533 1094 3643; baseline 0.005 -21"><span class='ocrx_word' id='word_1_232' title='bbox 141 3591 192 3630; x_wconf 78' lang='lat' dir='ltr'><strong>stra,</strong></span> <span class='ocrx_word' id='word_1_233' title='bbox 207 3578 256 3633; x_wconf 84' lang='lat' dir='ltr'><strong>sed,</strong></span> <span class='ocrx_word' id='word_1_234' title='bbox 274 3578 336 3637; x_wconf 90' lang='lat' dir='ltr'><strong>quod</strong></span> <span class='ocrx_word' id='word_1_235' title='bbox 346 3533 418 3624; x_wconf 55' lang='lat' dir='ltr'><strong>paene</strong></span> <span class='ocrx_word' id='word_1_236' title='bbox 436 3579 540 3635; x_wconf 85' lang='lat' dir='ltr'><strong>odorere,</strong></span> <span class='ocrx_word' id='word_1_237' title='bbox 559 3580 703 3627; x_wconf 79' lang='lat' dir='ltr'><strong>librariorum</strong></span> <span class='ocrx_word' id='word_1_238' title='bbox 719 3581 916 3643; x_wconf 72' lang='lat' dir='ltr'><strong>exscriptorumue,</strong></span> <span class='ocrx_word' id='word_1_239' title='bbox 933 3581 1028 3641; x_wconf 79' lang='lat' dir='ltr'><strong>quibos</strong></span> <span class='ocrx_word' id='word_1_240' title='bbox 1087 3616 1094 3638; x_wconf 40' lang='grc' dir='ltr'><em>Ι</em></span> 
     </span>
     <span class='ocr_line' id='line_1_34' title="bbox 141 3635 600 3699; baseline 0.007 -17"><span class='ocrx_word' id='word_1_241' title='bbox 141 3635 215 3683; x_wconf 76' lang='lat' dir='ltr'><strong>utros</strong></span> <span class='ocrx_word' id='word_1_242' title='bbox 223 3637 320 3699; x_wconf 78' lang='lat' dir='ltr'><strong>pessime</strong></span> <span class='ocrx_word' id='word_1_243' title='bbox 331 3637 502 3686; x_wconf 83' lang='lat' dir='ltr'><strong>admutilsrunt.</strong></span> <span class='ocrx_word' id='word_1_244' title='bbox 533 3638 600 3696; x_wconf 63' lang='lat' dir='ltr'><strong>urps.</strong></span> 
     </span>
    </p>
   </div>
   <div class='ocr_carea' id='block_1_4' title="bbox 0 0 1261 4292">
    <p class='ocr_par' dir='ltr' id='par_1_4' title="bbox 0 0 1261 4292">
     <span class='ocr_line' id='line_1_35' title="bbox 0 0 1261 4292; baseline 0 0"><span class='ocrx_word' id='word_1_245' title='bbox 0 0 1261 4292; x_wconf 95' lang='lat' dir='ltr'><strong> </strong></span> 
     </span>
    </p>
   </div>
  </div>
 </body>
</html>
