2509 4292
82 384 156 437 ue.
173 388 212 435 m.
317 361 765 434 n1a.1.sar.77.-79.
891 363 966 435 179

83 539 188 598 tellina
203 536 326 614 quidem
342 538 439 597 viator
459 538 635 597 interoessit.
676 540 736 598 Sed
751 538 830 599 orno
842 538 961 599 Ponun-
1068 562 1072 569 ’

85 643 173 695 ottus
192 639 416 713 Augustumque
431 638 579 695 honoratis
602 638 661 696 iam
674 640 793 696 senibus
816 642 964 697 cumulum

84 735 244 809 dignitatis
257 734 387 792 addidil:
408 742 440 793 et
468 740 618 794 reoensals
631 736 740 794 exsilio
767 753 900 795 reversos
915 751 965 794 no·

88 832 171 890 biles
194 834 426 891 suplementutos
449 834 538 891 avitis
559 852 595 892 ao
620 836 748 909 paternis
769 833 958 903 Sacerdotis,

89 930 125 989 iu
140 932 286 1000 solatium,
300 933 433 989 recoluit.
476 934 617 991 Redditus
639 934 735 993 Cadio
763 934 847 1000 liuto,
873 933 965 992 Pedio

91 1029 214 1098 Biaeso
230 1028 344 1087 Serino
371 1026 508 1089 Pomtino
532 1033 708 1090 Senatorlus
721 1035 809 1091 loeus.
831 1038 967 1104 repeton

90 1128 196 1186 aarum
208 1127 381 1186 oriminibns
391 1131 447 1187 sub
462 1130 588 1188 claudio
600 1148 638 1189 so
653 1132 772 1189 Nerone
784 1131 966 1189 ceciderant.

91 1227 206 1300 placuit
229 1226 457 1300 ignoscentibus,
480 1245 566 1285 verso
589 1229 718 1296 nomine,
736 1230 812 1304 qnod
836 1228 963 1287 avaritia

52 1338 54 1342 ’
91 1323 196 1392 luerat,
222 1324 316 1381 videri
344 1326 546 1384 maiestatem:
581 1328 664 1385 ouius
689 1335 752 1386 tum
778 1328 848 1386 odio
873 1329 965 1388 etlam

93 1424 194 1479 bonae
209 1425 291 1496 leges
315 1425 456 1496 peribant
498 1426 611 1483 mrem
632 1426 787 1501 largitione
806 1427 965 1486 'civitatum
978 1415 1019 1478 78

95 1536 215 1596 quoque
228 1539 263 1579 ao
288 1520 505 1595 piorinoiarum
527 1522 641 1581 animos
657 1526 818 1598 adgressus,
839 1525 968 1600 Hispali·

95 1619 217 1676 ensium
243 1625 274 1676 et
310 1621 540 1679 Emeritensibus
563 1622 738 1680 familiarum
773 1624 967 1691 adustiones,

95 1718 284 1793 Lingonibus
306 1720 453 1777 universis
480 1721 635 1778 civitatem
660 1721 832 1793 Romanam,
852 1725 968 1797 provin·

91 1816 160 1874 alae
177 1817 325 1875 Baeticae
338 1817 501 1876 Maurorum
526 1819 665 1877 civitates
687 1821 766 1880 dono
779 1822 869 1880 uenit.
890 1839 968 1882 nova

95 1913 159 1972 iura
199 1914 416 1987 Cappadociae,
449 1935 526 1974 nova
554 1919 684 1988 Africae,
710 1921 838 1979 ostentui
865 1921 968 1993 magis,

97 2026 186 2086 quam
200 2029 343 2071 mansura.
384 2016 466 2073 luter
476 2034 560 2089 quae,
578 2019 756 2075 necessitate
772 2018 969 2091 praesentium

97 2118 193 2169 rerum
206 2122 239 2170 et
249 2115 427 2173 instantibus
440 2117 517 2174 ontis
538 2122 742 2183 annuerimus
765 2122 826 2174 tum
850 2115 968 2190 quidem

99 2209 246 2269 inmemor
272 2230 409 2282 amorum,
441 2221 554 2293 statuas
580 2215 737 2287 Poppaeae
764 2232 816 2287 per
842 2215 971 2273 Senatus

98 2314 266 2368 oonsnltom
280 2313 416 2384 reposuit.
457 2296 595 2372 Credilus
608 2320 653 2371 est
667 2313 757 2371 etiam
771 2313 809 2371 (le
821 2314 972 2372 celebran-

98 2407 138 2465 aa
158 2409 287 2466 Neronis
307 2412 445 2468 memoria
465 2412 636 2486 agitavisse,
656 2429 708 2485 spe
729 2414 851 2486 vulgum
870 2411 971 2469 adlini·

100 2506 178 2564 endi
200 2512 233 2564 et
251 2507 340 2570 luere.
359 2510 409 2584 qul
428 2508 571 2584 imagines
600 2509 728 2568 Neronis
758 2516 970 2584 proponereula

104 2610 191 2679 atque
225 2607 316 2663 eliam
336 2607 447 2665 tithoni
470 2608 642 2682 quibusdam
660 2609 762 2666 diebus
793 2611 914 2684 populus
940 2614 971 2669 et

103 2704 198 2769 mites,
228 2710 372 2779 tamquam
387 2706 571 2764 nobilitatem
597 2724 634 2766 ao
662 2709 755 2768 tleous
780 2709 972 2779 adstmereni,

104 2798 270 2860 nauum
292 2803 458 2863 ΟΤΗΟΝΙ
480 2806 667 2864 adclamavit.
708 2806 777 2880 lpse
796 2807 827 2866 ln
854 2824 972 2882 suspen·

105 2910 139 2955 su
159 2901 264 2968 tenuit,
285 2903 407 2961 vetandi
423 2910 517 2971 metu,
535 2906 585 2962 uel
606 2905 806 2979 adgnoscendi
826 2906 944 2978 puriore.

148 2998 309 3057 Conversis
329 3001 365 3058 ati
387 3000 483 3059 civile
505 2992 612 3060 bellum
625 3003 742 3068 animis,
765 3007 887 3060 externa
907 3002 1025 3068 sineru
1118 3032 1122 3035 ·

107 3110 175 3153 eurr
189 3098 380 3156 habebantur.
421 3099 467 3157 Eo
492 3081 645 3159 audentius
661 3100 839 3183 Rhoxolani,
860 3100 974 3157 Sarma·
1098 3128 1101 3133 ·

107 3195 174 3255 tina.
197 3214 281 3270 gens,
304 3198 399 3270 priore
420 3199 520 3257 iriense
546 3199 642 3256 eaesis
663 3198 774 3255 duabus
797 3195 974 3265 oolrortlbus,

108 3309 280 3369 magoaspe
305 3298 341 3353 ad
367 3296 511 3357 Moesiam
536 3297 726 3369 inruperant:
744 3309 854 3350 novem
882 3293 975 3352 millia

111 3392 248 3465 equitnm,
261 3394 402 3453 lerooiora
425 3413 566 3454 successu
594 3399 625 3450 et
639 3392 763 3467 praedae
775 3390 867 3467 magis
889 3409 975 3466 quana

110 3502 223 3561 pugnae
244 3492 368 3550 intenta.
410 3494 502 3567 igitur
531 3510 622 3567 vagos
643 3497 673 3548 el
702 3489 862 3548 incuriosos
875 3491 976 3567 {teriia

25 3608 26 3665 γ
111 3586 201 3660 legio,
213 3590 356 3649 adiunctis
380 3592 507 3660 auxiliis,
527 3596 649 3666 repenle
675 3589 794 3649 invasit
821 3590 898 3665 apud
918 3591 976 3651 lle
