2509 4292
310 360 357 429 94
525 432 535 441 ,
636 372 821 423 auuaurvu
1036 374 1066 422 a
1081 372 1114 421 v.
1132 376 1194 422 ers.

308 533 466 607 spondens,
490 547 546 588 porr
569 526 705 586 olltrrlot
719 523 849 605 flagitiis
871 522 1085 583 dmsudumirr‘
1104 534 1194 601 potu·

309 630 372 689 t'ssc.
430 632 510 688 'l'urn
544 630 649 685 iussam
682 644 804 698 poenam
835 625 931 682 subiit.
995 628 1061 682 Nec
1090 627 1193 684 ceteri

310 730 505 790 Centuriones
520 730 550 785 in
566 725 760 800 perpetiendis
784 725 936 796 suppliciis
951 727 1189 798 degeneravere.
1243 802 1244 811 ἵ

312 831 355 889 At
369 847 427 886 non
444 829 539 885 Penio
560 825 637 882 Rut'o
659 842 710 895 par
735 825 856 886 animus,
882 826 934 880 sed
958 824 1189 882 lamentationes
1243 814 1244 865 Ϊ

309 949 375 990 suas
399 931 487 987 etiam
507 929 537 985 in
563 935 768 988 testamentum
792 927 927 984 contulit.
968 927 1189 1000 Opperiebatur

310 1032 400 1095 Nero,
421 1037 451 1086 ut
466 1028 607 1084 Vestinus
620 1046 733 1102 quoqne
759 1028 868 1084 Consul
892 1027 922 1082 in
950 1026 1060 1083 crimen
1088 1027 1191 1083 tratre·

310 1136 395 1195 retur,
411 1129 573 1183 violentum
597 1133 626 1183 et
649 1126 793 1184 intensum
807 1134 902 1182 ratus:
924 1128 975 1183 sed
990 1143 1028 1181 ea
1051 1126 1191 1182 coniura-

310 1225 348 1284 lis
367 1226 491 1282 consilia
515 1243 581 1282 curu
606 1224 733 1303 Vestino
761 1242 818 1282 non
848 1224 1032 1290 miscuerant,
1054 1224 1191 1297 quidam,
1243 1236 1244 1309 l

311 1326 435 1380 vetustis
450 1327 480 1381 in
496 1342 562 1382 eum
576 1324 780 1389 simultatibus,
792 1326 896 1397 plures,
908 1324 974 1398 qrris
991 1324 1190 1396 praecipitem
1243 1322 1244 1363 t

310 1427 339 1480 el
356 1423 555 1480 insociabilem
570 1424 736 1482 credebaut.
779 1423 916 1481 Ceterum
943 1422 1067 1480 Neronia
1081 1423 1188 1480 odium

310 1522 450 1580 adversos
478 1523 636 1579 Vestinum
661 1539 698 1578 ex
725 1521 827 1579 intimo
851 1521 1007 1580 sodalitate
1033 1528 1188 1594 coeperat,
1243 1546 1244 1549 ¹

310 1619 378 1678 dum
402 1620 449 1678 hic
474 1621 622 1691 ignaviam
647 1619 793 1694 Principis
808 1622 923 1693 penitus
946 1620 1095 1694 cognitam
1119 1624 1189 1679 ries·

309 1719 392 1793 picit,
407 1721 457 1776 ille
472 1721 608 1778 ferocium
631 1721 719 1777 amici
734 1721 846 1788 metuit,
871 1739 959 1793 saepe
973 1720 1082 1791 asperis
1106 1721 1188 1778 isce-
1243 1712 1244 1755 t

310 1816 360 1875 liis
386 1817 513 1885 inlusus,
548 1836 632 1892 quae,
660 1805 716 1875 ubi
737 1822 857 1876 multum
892 1837 930 1875 ex
954 1835 1030 1901 ,vero
1056 1825 1186 1897 traxere,
1243 1824 1244 1847 ³

310 1931 407 1974 acrem
421 1917 465 1973 sui
479 1917 647 1973 memoriam
660 1917 832 1990 relinquunt.
876 1919 1051 1975 Accesserat
1075 1936 1185 1989 repens

310 2031 424 2080 mussa,
438 2017 512 2089 quod
528 2016 670 2073 Vestinus
692 2016 839 2072 Statiliam
861 2014 1062 2073 Messallinam
1085 2018 1187 2076 mutri-

310 2115 409 2170 monio
423 2114 480 2171 sibi
491 2115 633 2176 iunxerat,
644 2115 719 2170 haud
732 2114 855 2176 nescius,
867 2115 943 2171 iuter
953 2116 1097 2171 adulteros
1116 2117 1183 2174 eius
1243 2104 1244 2175 f

258 2201 300 2262 ⁶9
311 2220 340 2268 et
352 2214 509 2271 Caesarem
519 2232 593 2270 esse.
615 2213 715 2285 igitur,
726 2230 784 2268 non
796 2213 927 2277 crimine,
941 2198 998 2269 nou
1009 2216 1184 2273 adeusotorc
1243 2198 1244 2209 ³

310 2309 467 2376 existente,
488 2311 554 2384 quis
569 2309 697 2382 speciem
711 2310 816 2366 iudicis
830 2310 950 2367 induere
976 2330 1033 2368 non
1057 2310 1184 2384 poterat,

309 2407 347 2464 ud
367 2409 428 2464 vim
452 2409 659 2465 dominationis
681 2426 849 2474 conversus,
873 2409 1051 2466 Gerelsnum
1074 2410 1182 2470 Tribu-

309 2522 379 2562 num
399 2522 465 2561 cum
486 2507 605 2562 cohorte
626 2507 750 2564 militum
779 2507 920 2564 inmittit:
943 2508 1078 2582 iubetque
1095 2526 1182 2584 prue-

309 2600 400 2656 maire
425 2609 541 2659 coriatus
571 2602 713 2671 Consulis,
741 2622 874 2683 occupare
895 2604 967 2662 uelut
989 2623 1082 2663 urcem
1108 2606 1183 2678 eius,
1243 2602 1244 2631 ⁴

309 2696 460 2773 opprimere
483 2698 613 2758 deleam
636 2702 818 2760 iuventutern:
837 2705 904 2779 quia
927 2705 1069 2762 Vestinus
1092 2706 1182 2765 iumi-

308 2804 413 2854 nentes
439 2785 500 2856 loro
532 2803 619 2857 aedes
653 2803 816 2877 decoraque
849 2803 970 2860 servilia
990 2811 1020 2861 et
1044 2804 1104 2877 pari
1130 2823 1180 2862 ae·

309 2900 369 2952 tete
409 2897 543 2955 habebat.
610 2901 727 2976 (iuncta
754 2919 790 2959 eo
823 2902 872 2959 die
907 2903 1005 2960 munia
1040 2902 1180 2964 consulis
1243 2912 1244 2947 ³

308 2993 482 3067 inpleverat,
519 2997 748 3073 conviviumque
783 3002 959 3066 celebrabat,
999 3000 1072 3059 nihil
1117 3021 1176 3060 me-

309 3097 402 3162 tuens,
421 3112 459 3153 an
483 3096 692 3155 dissimulando
705 3104 802 3155 metu:
824 3116 891 3156 cnm
913 3100 1035 3174 ingressi
1059 3100 1179 3172 milites,

308 3192 402 3251 mass
420 3211 483 3250 eum
508 3211 529 3252 a
554 3193 690 3263 rurum,
715 3197 825 3255 dixsse.
868 3198 932 3266 rue,
954 3199 1028 3255 niun
1047 3201 1181 3258 usmom-
1243 3188 1244 3191 ‘

308 3302 363 3365 tus,
393 3299 531 3370 exsurgit.
562 3305 592 3355 et
615 3300 715 3357 omnia
734 3301 819 3357 simul
841 3306 1046 3374 properantur:
1068 3303 1179 3359 claudi·

308 3401 354 3454 tur
366 3397 511 3464 cubiculo,
535 3403 649 3470 praesto
671 3403 716 3456 est
738 3400 878 3468 medicus,
898 3401 1109 3459 abscinduntur
1129 3420 1178 3459 ve-

307 3510 374 3559 nae,
388 3495 491 3568 vigens
506 3497 600 3553 adhuc
621 3499 726 3555 balneo
747 3499 876 3566 insertur,
889 3499 985 3557 calida
1007 3518 1082 3575 aqua
1106 3519 1179 3559 mer·

308 3594 396 3658 ratur,
430 3594 510 3650 nulla
544 3595 623 3654 editu
658 3613 743 3666 voce,
776 3614 833 3673 qus
859 3603 953 3657 semet
986 3599 1178 3659 miseraretur.
1243 3672 1244 3697 ¹
