2509 4292
91 338 204 389 ace.
287 337 362 385 nm.
385 338 458 387 xvr.
510 339 589 387 aar.
617 321 783 389 tt.-lt.
877 315 946 391 tot

89 497 242 562 sensnmat,
263 491 355 551 ‘ideo
373 493 490 553 tunium
510 510 643 551 menmm
661 493 948 571 transmissumquia

89 593 157 648 ‘duo
169 593 229 649 iam
255 592 410 669 Torquati,
431 595 470 648 ob
494 594 606 650 seelera
622 592 780 659 interiecti,
794 593 948 653 infaustum

86 693 205 747 ‘nomen
220 691 342 749 iunium
355 689 513 749 iecissent?
553 691 616 751 'l'ot
630 690 808 750 facinoribus
832 693 947 750 foedum
961 686 1002 746 la

88 803 185 845 annum
196 789 287 848 etiam
303 790 359 847 Dii
369 789 588 864 tempestatibus
599 797 631 846 et
644 790 750 846 morbis
759 790 949 864 insignivere.

87 884 202 944 vastata
229 888 400 963 campania
428 888 544 945 turbine
576 893 739 956 ventorum,
774 887 824 962 qui
851 887 947 959 viltas,

84 986 320 1060 arbustalrnges
349 986 457 1059 passim
478 986 604 1045 disiecit.
635 984 811 1060 pertulitque
836 986 949 1045 violeu-

64 1065 151 1139 'tinm
169 1085 205 1140 ad
217 1087 323 1143 sinina
336 1086 420 1142 urbi:
445 1086 543 1160 inqua
563 1101 650 1141 omne
672 1083 835 1142 monalium
856 1101 947 1158 genus
1057 1120 1063 1129 .

87 1179 127 1236 ris
135 1182 321 1253 pestilentiae
332 1185 570 1257 depopulabatur,
584 1184 663 1239 nulla
675 1181 752 1239 ooeti
765 1183 948 1256 intemperie,

84 1295 152 1352 quae
165 1288 335 1351 occurreret
354 1281 456 1340 ocutis.
498 1282 558 1339 Sed
571 1282 673 1338 domus
697 1281 862 1353 corporibus
878 1296 947 1339 exs-

85 1375 170 1444 nimis,
193 1380 303 1439 itinera
331 1380 489 1447 funeribus,
514 1381 742 1452 complebantur.
764 1396 821 1436 uon
847 1396 945 1448 sexus,

89 1489 123 1531 an
134 1483 209 1535 actm
224 1480 360 1552 periculo
381 1495 484 1536 vanua.
498 1478 620 1535 servitia
642 1477 761 1549 perinde
775 1483 806 1534 et
819 1477 945 1551 ingenua

89 1574 179 1644 plebes
191 1578 301 1650 raptim
327 1578 484 1652 exstingui,
505 1576 582 1634 inter
607 1575 763 1648 coniugum
777 1580 807 1631 et
830 1576 945 1633 liberto·

89 1685 142 1727 rum
154 1674 305 1747 lamenta3
324 1676 382 1750 qui,
397 1678 464 1733 dum
489 1676 635 1741 adsident,
646 1675 715 1730 dum
729 1672 846 1741 delient,
855 1691 944 1748 saepe

86 1769 177 1828 eodem
198 1776 495 1847 rogantemabantur.
554 1772 691 1846 Equitum
712 1772 943 1847 Senatum-qne

91 1862 219 1938 interitus,
243 1871 381 1947 quamvis
405 1872 576 1946 promiscui,
588 1870 683 1928 minus
705 1869 817 1927 flebiles
837 1876 943 1941 erant;

89 1971 219 2038 tamquam
237 1956 402 2028 communi*
421 1969 595 2027 mortalitate
618 1968 774 2024 saevitiam
799 1966 944 2038 Principis

93 2068 295 2132 praevenirent.
350 2068 462 2124 Eodem
483 2084 560 2125 anno
587 2067 720 2122 detentus
740 2083 792 2137 per
815 2064 944 2121 Galliam

91 2155 300 2224 Narbonensem
317 2166 504 2240 Africamque
515 2171 545 2222 et
567 2161 671 2222 Asiam
685 2161 777 2218 babiti
790 2167 865 2229 sunt,
880 2179 944 2235 sup·

93 2257 192 2327 sternis
218 2254 337 2338 Illyriai
368 2260 744 2345 legionibuseaquibus
771 2267 868 2318 aetate
894 2264 945 2317 aut

94 2358 247 2427 valetudine
275 2362 346 2419 t'essi
373 2367 557 2424 sacramento
583 2362 780 2419 solvebantur.
821 2360 945 2418 cladem

93 2449 306 2528 Lugdunensem
329 2452 499 2537 quadragies
513 2460 646 2517 sestertio
672 2461 781 2517 solatus
794 2463 839 2517 est
863 2457 945 2516 Prin·

92 2563 160 2622 teus,
186 2563 216 2614 ut
242 2559 353 2616 amissa
379 2539 656 2637 urbt‘reponesent:
678 2576 762 2632 quam
790 2558 942 2632 pecunitun

91 2644 290 2723 Lugdunenses
316 2658 586 2725 ante'obtulerant,
609 2656 730 2715 turbidis
752 2657 876 2715 nasibus.
905 2658 941 2716 0.
956 2654 995 2714 u

95 2744 231 2822 Suetonio,
248 2756 284 2813 L.
300 2754 444 2814 Telesino
457 2772 537 2813 coss.
562 2755 709 2814 Antistius
724 2756 871 2824 Sosianus,
885 2757 944 2815 tao·

92 2842 171 2906 litatis
184 2851 213 2909 in
228 2853 380 2912 Neronem
406 2853 582 2911 carminibus
606 2852 757 2927 probrosis,
781 2853 897 2920 exsilio,
910 2859 942 2911 ut

90 2940 150 3013 dixi,
164 2952 310 3019 multatus,
322 2959 482 3029 postquam,
496 2950 526 3008 id
547 2951 666 3009 honoris
685 2952 841 3019 indicibus,
868 2957 941 3009 tam·

93 3055 139 3111 (1¹¹0
159 3056 319 3122 promptum
347 3050 384 3106 ad
416 3051 523 3107 caedes
549 3049 734 3124 Principem„
749 3049 874 3122 noospit,
898 3048 941 3107 in

94 3139 162 3211 quies
174 3149 282 3215 animo,
296 3155 325 3204 et
339 3147 526 3205 occasionum
540 3146 729 3220 handsegnis,
744 3146 942 3213 Pammenem,

95 3234 208 3301 eiusdem
237 3220 295 3302 roei
314 3248 446 3303 exsulem
470 3250 501 3301 et
525 3245 739 3304 chaldaeorum
760 3247 828 3298 arte
854 3241 941 3297 tamo·

94 3346 156 3405 rum,
167 3359 255 3418 eoque
270 3343 424 3401 multorum
435 3342 573 3402 amicitiis
587 3344 738 3408 innexum,
750 3338 941 3397 similitudine

118 3506 300 3578 Paenitentia]
331 3480 577 3565 Deboumorbosuet.
587 3517 623 3564 39.
