2509 4292
84 375 160 424 szc.
177 378 214 424 ro.
313 373 383 420 sis.
409 374 446 422 ιι.
494 375 573 422 cnr.
600 353 769 426 61.-ot.
886 360 960 429 235

84 528 245 586 modice
255 529 442 599 'voluptatum
457 533 488 584 et
501 536 672 603 contemptu
691 530 793 588 Ducis.
835 531 960 590 Praemi-

85 627 173 685 sitin
195 629 296 683 urbem
317 628 455 692 edictum,
480 644 536 701 qno
562 631 736 686 vocabulum
761 629 886 704 Augusti
908 631 961 687 dil·

86 726 191 791 meret,
224 722 359 781 Caesares
386 742 445 781 nou
471 728 623 799 reciperet,
653 744 720 784 cum
746 729 784 784 rie
818 734 961 800 potestate

85 823 168 881 nihil
182 825 353 879 detraheret.
395 822 476 880 Pulsi
491 826 576 881 ltalia
600 826 810 883 mathematici.
832 826 959 884 Centum

86 939 206 985 serere,
224 937 259 977 uc
277 922 384 997 ‘epulus
407 921 489 978 Rom.
516 920 583 978 ludo
605 929 632 979 et
657 939 746 980 cresc
760 921 962 999 polluerentur.

85 1022 201 1095 priores
215 1020 245 1077 in
271 1021 422 1092 Principes
447 1021 616 1091 pecuniuet
640 1022 754 1095 saepius
776 1021 806 1078 vi
832 1023 961 1094 perpule-

84 1128 173 1177 rant:
194 1136 230 1174 ac
244 1121 381 1191 pleraque
396 1119 556 1191 municipia
569 1126 599 1175 et
619 1121 753 1177 coloniae
774 1120 959 1180 aemulaban-

85 1222 142 1282 tur,
171 1217 424 1289 mnmptissimum
444 1222 586 1290 quemque
606 1218 835 1275 adolescentium
866 1217 959 1290 pretio

85 1316 221 1374 inlicere.
281 1316 340 1371 Sed
374 1315 522 1377 Vitellius,
546 1316 677 1371 adventu
697 1315 799 1383 fratris,
826 1323 857 1372 et
884 1315 1010 1407 iure-63

85 1414 227 1488 pentibus
249 1413 457 1469 dominationis
484 1413 639 1485 magistris,
662 1416 812 1485 superbior
834 1418 864 1469 et
885 1421 959 1470 stro·
1003 1432 1006 1437 ·

85 1512 163 1577 einr,
190 1513 286 1568 occidi
315 1513 500 1566 Dolabellam
527 1511 619 1577 iussit,
642 1525 727 1584 quen
755 1512 787 1565 in
811 1512 957 1568 coloniam

86 1610 272 1684 Aquinatem
296 1608 452 1680 sepositum
481 1609 518 1663 ab
545 1608 671 1672 Othone,
701 1609 856 1664 retulimus.
898 1609 957 1665 Do·

85 1710 207 1773 labella,
247 1707 346 1763 audita
374 1713 464 1762 morte
500 1706 635 1771 Othonis,
671 1708 769 1764 urbem
796 1706 957 1764 introierat.

85 1807 116 1865 id
130 1807 162 1862 ei
188 1805 326 1862 Plancius
341 1804 447 1866 Varus,
472 1804 608 1860 Praetura
631 1802 755 1869 iunctus,
779 1823 818 1862 ex
845 1805 956 1861 intimis

85 1904 266 1963 Dolabellae
293 1904 405 1966 amicis,
433 1902 671 1974 apud-Flavium
701 1903 851 1967 schinum,
871 1903 957 1959 Prae·

85 2003 199 2059 ientnm
214 2001 300 2065 urbis,
313 2001 430 2070 obiecit,
444 2006 454 2038 ⁶
469 2008 614 2074 tamqnam
635 2009 718 2073 mpts
741 2000 882 2063 custodia,
897 2000 957 2056 Du·

83 2107 178 2157 ‘cem
190 2117 223 2155 se
238 2099 327 2156 victis
352 2098 478 2172 partibus
499 2096 692 2156 ostentasset?
713 2096 834 2160 eddidit,
847 2103 855 2127 ‘
866 2102 956 2151 lents-

85 2201 168 2255 ‘ism
180 2199 338 2263 cohortem,
346 2216 419 2271 quae
430 2198 531 2254 Ostiae
542 2193 661 2270 ageret?
672 2210 726 2252 nec
736 2195 804 2251 ullis
814 2200 956 2250 tantorum

85 2295 245 2354 criminum
263 2295 486 2366 probationibus.
503 2295 533 2351 in
561 2292 771 2366 poenitentiam
787 2304 886 2347 versus
913 2308 957 2347 se·

85 2410 162 2459 ram,
184 2393 303 2449 veniam
328 2399 392 2465 post
420 2395 515 2450 scelus
542 2393 704 2467 quaerebat.
760 2390 956 2448 Guuctsmem

86 2506 175 2564 snper
198 2499 289 2548 tanta·
303 2509 334 2547 re
356 2492 494 2548 Flavium
516 2490 665 2553 Sabinum,
690 2487 817 2554 Triaria,
842 2487 877 2544 L.
902 2485 957 2543 Vi·

87 2590 165 2647 tellii
179 2606 262 2657 uxor,
276 2592 349 2646 ultra
369 2588 612 2654 lemicensem,
633 2586 741 2653 terruit,
756 2605 792 2643 ne
807 2585 955 2659 ‘periculo

87 2687 256 2760 ‘Principis
276 2688 381 2744 lamam
400 2686 576 2744 clementiae
600 2683 777 2743 oblectaret?
819 2684 954 2752 Sabinus.

88 2791 192 2859 suopte
213 2785 334 2859 ingenio
357 2784 445 2850 mitis,
469 2784 517 2841 ubi
543 2784 665 2841 lormiuo
688 2782 864 2850 incessisset,
885 2783 955 2840 laci·

88 2884 126 2940 lis
139 2889 260 2949 mutatu,
274 2889 305 2940 et
327 2883 358 2941 in
385 2883 483 2939 alieno
504 2882 672 2940 discrimine
692 2881 748 2940 sibi
775 2899 896 2954 pavens,
917 2898 955 2937 ae

90 2982 243 3039 adlevmse
258 2982 416 3049 videretur,
435 2981 541 3052 inpulit
562 2987 703 3038 ruentem.
746 2980 836 3055 Igitur
859 2979 955 3035 Vitel-

54 3092 56 3095 ·
89 3079 154 3146 iius,
169 3086 249 3137 melu
262 3082 382 3147 stolio,
395 3081 470 3154 quod
481 3080 658 3144 Petroniam,
668 3094 787 3134 uxorem
800 3077 871 3142 eius,
885 3092 954 3131 mox

91 3177 249 3234 Dolabella
280 3178 312 3235 in
353 3177 566 3235 matrimonium
605 3174 778 3247 accepisset,
818 3177 955 3230 vocatum

89 3292 141 3347 per
168 3276 316 3348 epistolas,
340 3270 458 3332 ‘vitata
485 3274 650 3333 Flaminiae
681 3271 748 3327 vise
775 3269 955 3338 celebritate,

18 3385 20 3448 ζ
90 3372 243 3430 devertere
277 3373 499 3441 Interamnium,
525 3378 611 3446 alque
632 3370 674 3428 ibi
700 3366 833 3425 interfici’
863 3366 953 3424 iussit.

18 3511 20 3562 ᾗ
90 3471 223 3544 Longum
242 3470 423 3528 interfectori
440 3460 558 3527 uisum:
579 3468 611 3525 in
638 3467 743 3524 itinere
770 3483 807 3524 ac
832 3468 955 3523 taberna

88 3568 250 3643 proiectum
283 3568 364 3626 humi
401 3568 565 3642 iugulavit:
600 3584 704 3664 magua
741 3582 808 3623 cum
841 3562 956 3624 invicia

965 3045 1006 3104 64
