<?xml version="1.0" encoding="UTF-8"?>
<!DOCTYPE html PUBLIC "-//W3C//DTD XHTML 1.0 Transitional//EN"
    "http://www.w3.org/TR/xhtml1/DTD/xhtml1-transitional.dtd">
<html xmlns="http://www.w3.org/1999/xhtml" xml:lang="en" lang="en">
 <head>
  <title>
</title>
<meta http-equiv="Content-Type" content="text/html;charset=utf-8" />
  <meta name='ocr-system' content='tesseract 3.04.00' />
  <meta name='ocr-capabilities' content='ocr_page ocr_carea ocr_par ocr_line ocrx_word'/>
</head>
<body>
  <div class='ocr_page' id='page_1' title='image "./ccorneliitaciti03brotgoog_0405.png"; bbox 0 0 2509 4292; ppageno 0'>
   <div class='ocr_carea' id='block_1_1' title="bbox 113 361 978 436">
    <p class='ocr_par' dir='ltr' id='par_1_1' title="bbox 113 361 978 436">
     <span class='ocr_line' id='line_1_1' title="bbox 113 361 978 436; baseline -0.009 0"><span class='ocrx_word' id='word_1_1' title='bbox 113 376 239 436; x_wconf 69' lang='lat' dir='ltr'>sinn.</span> <span class='ocrx_word' id='word_1_2' title='bbox 345 376 489 435; x_wconf 67' lang='lat' dir='ltr'>meru.</span> <span class='ocrx_word' id='word_1_3' title='bbox 537 385 615 433; x_wconf 75' lang='lat' dir='ltr'>cae.</span> <span class='ocrx_word' id='word_1_4' title='bbox 642 365 701 432; x_wconf 83' lang='lat'>71.</span> <span class='ocrx_word' id='word_1_5' title='bbox 728 365 788 431; x_wconf 82' lang='lat'>72.</span> <span class='ocrx_word' id='word_1_6' title='bbox 906 361 978 431; x_wconf 80' lang='grc'>383</span> 
     </span>
    </p>
   </div>
   <div class='ocr_carea' id='block_1_2' title="bbox 12 539 1037 3490">
    <p class='ocr_par' dir='ltr' id='par_1_2' title="bbox 12 539 1037 3490">
     <span class='ocr_line' id='line_1_2' title="bbox 108 539 979 623; baseline -0.005 -25"><span class='ocrx_word' id='word_1_7' title='bbox 108 558 197 598; x_wconf 81' lang='lat' dir='ltr'>manu</span> <span class='ocrx_word' id='word_1_8' title='bbox 221 541 399 598; x_wconf 67' lang='lat' dir='ltr'><strong>Valentinus</strong></span> <span class='ocrx_word' id='word_1_9' title='bbox 426 540 582 623; x_wconf 68' lang='lat' dir='ltr'>incederat,</span> <span class='ocrx_word' id='word_1_10' title='bbox 607 539 752 597; x_wconf 88' lang='lat' dir='ltr'>montibus</span> <span class='ocrx_word' id='word_1_11' title='bbox 779 543 831 596; x_wconf 93' lang='lat' dir='ltr'>aut</span> <span class='ocrx_word' id='word_1_12' title='bbox 854 539 979 596; x_wconf 75' lang='lat' dir='ltr'>Mosella</span> 
     </span>
     <span class='ocr_line' id='line_1_3' title="bbox 108 639 979 712; baseline -0.003 -16"><span class='ocrx_word' id='word_1_13' title='bbox 108 657 196 696; x_wconf 88' lang='lat' dir='ltr'>amne</span> <span class='ocrx_word' id='word_1_14' title='bbox 217 646 338 712; x_wconf 86' lang='lat' dir='ltr'>septum.</span> <span class='ocrx_word' id='word_1_15' title='bbox 354 645 384 696; x_wconf 89' lang='lat' dir='ltr'>et</span> <span class='ocrx_word' id='word_1_16' title='bbox 398 640 549 697; x_wconf 78' lang='lat' dir='ltr'>addiderat</span> <span class='ocrx_word' id='word_1_17' title='bbox 563 639 653 697; x_wconf 81' lang='lat' dir='ltr'>[ossas</span> <span class='ocrx_word' id='word_1_18' title='bbox 666 639 821 712; x_wconf 77' lang='lat' dir='ltr'>obicesque</span> <span class='ocrx_word' id='word_1_19' title='bbox 835 655 979 694; x_wconf 83' lang='lat' dir='ltr'>saxorum.</span> 
     </span>
     <span class='ocr_line' id='line_1_4' title="bbox 109 727 981 803; baseline -0.005 -7"><span class='ocrx_word' id='word_1_20' title='bbox 109 741 178 796; x_wconf 86' lang='lat' dir='ltr'>Nec</span> <span class='ocrx_word' id='word_1_21' title='bbox 198 740 363 795; x_wconf 79' lang='lat' dir='ltr'>deterruere</span> <span class='ocrx_word' id='word_1_22' title='bbox 391 756 426 795; x_wconf 83' lang='lat' dir='ltr'>ea</span> <span class='ocrx_word' id='word_1_23' title='bbox 450 740 630 796; x_wconf 86' lang='lat' dir='ltr'>munimenta</span> <span class='ocrx_word' id='word_1_24' title='bbox 668 738 831 794; x_wconf 87' lang='lat' dir='ltr'>Romanurn</span> <span class='ocrx_word' id='word_1_25' title='bbox 856 727 981 803; x_wconf 73' lang='lat' dir='ltr'>Ducem‘,</span> 
     </span>
     <span class='ocr_line' id='line_1_5' title="bbox 109 834 982 913; baseline -0.002 -20"><span class='ocrx_word' id='word_1_26' title='bbox 109 855 168 913; x_wconf 91' lang='lat' dir='ltr'>quo</span> <span class='ocrx_word' id='word_1_27' title='bbox 195 839 290 894; x_wconf 88' lang='lat' dir='ltr'>minus</span> <span class='ocrx_word' id='word_1_28' title='bbox 319 838 446 911; x_wconf 75' lang='lat' dir='ltr'>peditem</span> <span class='ocrx_word' id='word_1_29' title='bbox 484 854 666 911; x_wconf 83' lang='lat' dir='ltr'>perrumpere</span> <span class='ocrx_word' id='word_1_30' title='bbox 698 839 820 903; x_wconf 83' lang='lat' dir='ltr'>iuberet,</span> <span class='ocrx_word' id='word_1_31' title='bbox 854 834 982 910; x_wconf 87' lang='lat' dir='ltr'>equitum</span> 
     </span>
     <span class='ocr_line' id='line_1_6' title="bbox 110 937 983 1010; baseline -0.002 -17"><span class='ocrx_word' id='word_1_32' title='bbox 110 937 206 993; x_wconf 87' lang='lat' dir='ltr'>aciem</span> <span class='ocrx_word' id='word_1_33' title='bbox 227 938 259 993; x_wconf 89' lang='lat' dir='ltr'>in</span> <span class='ocrx_word' id='word_1_34' title='bbox 282 939 390 994; x_wconf 88' lang='lat' dir='ltr'>collem</span> <span class='ocrx_word' id='word_1_35' title='bbox 412 937 546 1010; x_wconf 82' lang='lat' dir='ltr'>erigeret,</span> <span class='ocrx_word' id='word_1_36' title='bbox 573 943 670 1010; x_wconf 89' lang='lat' dir='ltr'>spreto</span> <span class='ocrx_word' id='word_1_37' title='bbox 697 937 798 1005; x_wconf 81' lang='lat' dir='ltr'>boste3</span> <span class='ocrx_word' id='word_1_38' title='bbox 819 953 914 1009; x_wconf 86' lang='lat' dir='ltr'>quem,</span> <span class='ocrx_word' id='word_1_39' title='bbox 942 941 983 991; x_wconf 92' lang='lat' dir='ltr'>te·</span> 
     </span>
     <span class='ocr_line' id='line_1_7' title="bbox 110 1021 983 1107; baseline -0.005 -14"><span class='ocrx_word' id='word_1_40' title='bbox 110 1053 191 1093; x_wconf 89' lang='lat' dir='ltr'>mere</span> <span class='ocrx_word' id='word_1_41' title='bbox 205 1022 383 1101; x_wconf 73' lang='lat' dir='ltr'>contectum,</span> <span class='ocrx_word' id='word_1_42' title='bbox 403 1037 479 1093; x_wconf 93' lang='lat' dir='ltr'>baud</span> <span class='ocrx_word' id='word_1_43' title='bbox 504 1037 546 1092; x_wconf 82' lang='lat' dir='ltr'>ite</span> <span class='ocrx_word' id='word_1_44' title='bbox 572 1040 639 1093; x_wconf 88' lang='lat' dir='ltr'>loeo</span> <span class='ocrx_word' id='word_1_45' title='bbox 663 1037 768 1103; x_wconf 87' lang='lat' dir='ltr'>iuvari,</span> <span class='ocrx_word' id='word_1_46' title='bbox 782 1043 812 1093; x_wconf 85' lang='lat' dir='ltr'>ut</span> <span class='ocrx_word' id='word_1_47' title='bbox 835 1052 894 1092; x_wconf 89' lang='lat' dir='ltr'>non</span> <span class='ocrx_word' id='word_1_48' title='bbox 919 1021 983 1107; x_wconf 89' lang='lat' dir='ltr'>plus</span> 
     </span>
     <span class='ocr_line' id='line_1_8' title="bbox 111 1135 983 1202; baseline 0 -11"><span class='ocrx_word' id='word_1_49' title='bbox 111 1135 171 1191; x_wconf 88' lang='lat' dir='ltr'>sois</span> <span class='ocrx_word' id='word_1_50' title='bbox 186 1135 216 1190; x_wconf 90' lang='lat' dir='ltr'>in</span> <span class='ocrx_word' id='word_1_51' title='bbox 242 1135 349 1191; x_wconf 89' lang='lat' dir='ltr'>virtute</span> <span class='ocrx_word' id='word_1_52' title='bbox 374 1136 454 1191; x_wconf 83' lang='lat' dir='ltr'>soret.</span> <span class='ocrx_word' id='word_1_53' title='bbox 497 1135 631 1192; x_wconf 81' lang='lat' dir='ltr'>Paullum</span> <span class='ocrx_word' id='word_1_54' title='bbox 653 1153 750 1193; x_wconf 87' lang='lat' dir='ltr'>morae</span> <span class='ocrx_word' id='word_1_55' title='bbox 777 1135 808 1193; x_wconf 94' lang='lat' dir='ltr'>in</span> <span class='ocrx_word' id='word_1_56' title='bbox 831 1135 983 1202; x_wconf 86' lang='lat' dir='ltr'>adscensu,</span> 
     </span>
     <span class='ocr_line' id='line_1_9' title="bbox 111 1233 983 1307; baseline 0.002 -18"><span class='ocrx_word' id='word_1_57' title='bbox 111 1235 183 1290; x_wconf 89' lang='lat' dir='ltr'>dum</span> <span class='ocrx_word' id='word_1_58' title='bbox 209 1233 330 1290; x_wconf 78' lang='lat' dir='ltr'>missilia</span> <span class='ocrx_word' id='word_1_59' title='bbox 354 1234 480 1290; x_wconf 91' lang='lat' dir='ltr'>hostium</span> <span class='ocrx_word' id='word_1_60' title='bbox 509 1235 741 1307; x_wconf 82' lang='lat' dir='ltr'>praevelruutur:</span> <span class='ocrx_word' id='word_1_61' title='bbox 763 1241 793 1292; x_wconf 91' lang='lat' dir='ltr'>ut</span> <span class='ocrx_word' id='word_1_62' title='bbox 817 1241 937 1292; x_wconf 87' lang='lat' dir='ltr'>ventum</span> <span class='ocrx_word' id='word_1_63' title='bbox 952 1234 983 1291; x_wconf 93' lang='lat' dir='ltr'>in</span> 
     </span>
     <span class='ocr_line' id='line_1_10' title="bbox 110 1333 984 1406; baseline 0 -16"><span class='ocrx_word' id='word_1_64' title='bbox 110 1350 224 1400; x_wconf 87' lang='lat' dir='ltr'>manus,</span> <span class='ocrx_word' id='word_1_65' title='bbox 254 1334 398 1389; x_wconf 88' lang='lat' dir='ltr'>deturbati</span> <span class='ocrx_word' id='word_1_66' title='bbox 426 1333 526 1389; x_wconf 87' lang='lat' dir='ltr'>ruinae</span> <span class='ocrx_word' id='word_1_67' title='bbox 555 1336 641 1390; x_wconf 87' lang='lat' dir='ltr'>modo</span> <span class='ocrx_word' id='word_1_68' title='bbox 665 1335 903 1406; x_wconf 78' lang='lat' dir='ltr'>praecipitantur.</span> <span class='ocrx_word' id='word_1_69' title='bbox 944 1334 984 1390; x_wconf 82' lang='lat' dir='ltr'>Et</span> 
     </span>
     <span class='ocr_line' id='line_1_11' title="bbox 110 1431 982 1506; baseline 0.006 -21"><span class='ocrx_word' id='word_1_70' title='bbox 110 1449 177 1504; x_wconf 85' lang='lat' dir='ltr'>pars</span> <span class='ocrx_word' id='word_1_71' title='bbox 202 1431 340 1506; x_wconf 85' lang='lat' dir='ltr'>equitum,</span> <span class='ocrx_word' id='word_1_72' title='bbox 365 1432 546 1506; x_wconf 86' lang='lat' dir='ltr'>aequioribus</span> <span class='ocrx_word' id='word_1_73' title='bbox 569 1432 643 1506; x_wconf 87' lang='lat' dir='ltr'>iugis</span> <span class='ocrx_word' id='word_1_74' title='bbox 666 1433 877 1499; x_wconf 85' lang='lat' dir='ltr'>circumvecta,</span> <span class='ocrx_word' id='word_1_75' title='bbox 902 1433 982 1490; x_wconf 90' lang='lat' dir='ltr'>nobi·</span> 
     </span>
     <span class='ocr_line' id='line_1_12' title="bbox 108 1528 982 1604; baseline 0 -19"><span class='ocrx_word' id='word_1_76' title='bbox 108 1528 237 1586; x_wconf 79' lang='lat' dir='ltr'>tissimus</span> <span class='ocrx_word' id='word_1_77' title='bbox 252 1528 418 1603; x_wconf 75' lang='lat' dir='ltr'>Belgarum,</span> <span class='ocrx_word' id='word_1_78' title='bbox 429 1531 460 1586; x_wconf 90' lang='lat' dir='ltr'>in</span> <span class='ocrx_word' id='word_1_79' title='bbox 472 1531 535 1604; x_wconf 85' lang='lat' dir='ltr'>quis</span> <span class='ocrx_word' id='word_1_80' title='bbox 547 1532 663 1586; x_wconf 84' lang='lat' dir='ltr'>Ducem</span> <span class='ocrx_word' id='word_1_81' title='bbox 676 1530 879 1597; x_wconf 85' lang='lat' dir='ltr'>Valentinum,</span> <span class='ocrx_word' id='word_1_82' title='bbox 893 1530 982 1604; x_wconf 86' lang='lat' dir='ltr'>cepit.</span> 
     </span>
     <span class='ocr_line' id='line_1_13' title="bbox 112 1627 1037 1701; baseline 0 -15"><span class='ocrx_word' id='word_1_83' title='bbox 112 1627 239 1686; x_wconf 74' lang='lat' dir='ltr'>Cerialis</span> <span class='ocrx_word' id='word_1_84' title='bbox 253 1635 369 1700; x_wconf 89' lang='lat' dir='ltr'>postero</span> <span class='ocrx_word' id='word_1_85' title='bbox 382 1630 431 1685; x_wconf 91' lang='lat' dir='ltr'>die</span> <span class='ocrx_word' id='word_1_86' title='bbox 445 1628 591 1686; x_wconf 84' lang='lat' dir='ltr'>coloniam</span> <span class='ocrx_word' id='word_1_87' title='bbox 614 1629 812 1685; x_wconf 79' lang='lat' dir='ltr'>Treverorum</span> <span class='ocrx_word' id='word_1_88' title='bbox 838 1629 983 1701; x_wconf 86' lang='lat' dir='ltr'>ingressus</span> <span class='ocrx_word' id='word_1_89' title='bbox 996 1635 1037 1696; x_wconf 65' lang='grc' dir='ltr'>η</span> 
     </span>
     <span class='ocr_line' id='line_1_14' title="bbox 109 1718 983 1793; baseline 0 -9"><span class='ocrx_word' id='word_1_90' title='bbox 109 1718 165 1793; x_wconf 88' lang='lat' dir='ltr'>est,</span> <span class='ocrx_word' id='word_1_91' title='bbox 193 1726 281 1783; x_wconf 78' lang='lat' dir='ltr'>avido</span> <span class='ocrx_word' id='word_1_92' title='bbox 307 1727 400 1784; x_wconf 86' lang='lat' dir='ltr'>milite</span> <span class='ocrx_word' id='word_1_93' title='bbox 429 1728 573 1784; x_wconf 80' lang='lat' dir='ltr'>eruendae</span> <span class='ocrx_word' id='word_1_94' title='bbox 601 1727 750 1784; x_wconf 88' lang='lat' dir='ltr'>civitatis:</span> <span class='ocrx_word' id='word_1_95' title='bbox 786 1728 883 1783; x_wconf 88' lang='lat' dir='ltr'>‘banc</span> <span class='ocrx_word' id='word_1_96' title='bbox 919 1746 983 1785; x_wconf 88' lang='lat' dir='ltr'>esse</span> 
     </span>
     <span class='ocr_line' id='line_1_15' title="bbox 110 1825 984 1899; baseline 0.001 -16"><span class='ocrx_word' id='word_1_97' title='bbox 110 1826 269 1893; x_wconf 67' lang='lat' dir='ltr'>‘Classicb</span> <span class='ocrx_word' id='word_1_98' title='bbox 295 1825 372 1882; x_wconf 87' lang='lat' dir='ltr'>hanc</span> <span class='ocrx_word' id='word_1_99' title='bbox 401 1825 533 1893; x_wconf 81' lang='lat' dir='ltr'>Tutoris,</span> <span class='ocrx_word' id='word_1_100' title='bbox 567 1827 710 1899; x_wconf 84' lang='lat' dir='ltr'>patriam:</span> <span class='ocrx_word' id='word_1_101' title='bbox 745 1828 846 1883; x_wconf 88' lang='lat' dir='ltr'>horum</span> <span class='ocrx_word' id='word_1_102' title='bbox 872 1831 984 1885; x_wconf 87' lang='lat' dir='ltr'>scelere</span> 
     </span>
     <span class='ocr_line' id='line_1_16' title="bbox 109 1925 984 1999; baseline 0.005 -19"><span class='ocrx_word' id='word_1_103' title='bbox 109 1927 244 1981; x_wconf 84' lang='lat' dir='ltr'>‘clausas</span> <span class='ocrx_word' id='word_1_104' title='bbox 271 1941 429 1999; x_wconf 84' lang='lat' dir='ltr'>caesasque</span> <span class='ocrx_word' id='word_1_105' title='bbox 459 1925 599 1998; x_wconf 81' lang='lat' dir='ltr'>legiones.</span> <span class='ocrx_word' id='word_1_106' title='bbox 642 1925 720 1998; x_wconf 82' lang='lat' dir='ltr'>Quid</span> <span class='ocrx_word' id='word_1_107' title='bbox 736 1930 847 1983; x_wconf 90' lang='lat' dir='ltr'>tantum</span> <span class='ocrx_word' id='word_1_108' title='bbox 866 1927 984 1984; x_wconf 80' lang='lat' dir='ltr'>Cremo-</span> 
     </span>
     <span class='ocr_line' id='line_1_17' title="bbox 112 2020 983 2098; baseline 0.003 -19"><span class='ocrx_word' id='word_1_109' title='bbox 112 2028 197 2080; x_wconf 85' lang='lat' dir='ltr'>‘num</span> <span class='ocrx_word' id='word_1_110' title='bbox 212 2024 370 2093; x_wconf 80' lang='lat' dir='ltr'>meruisse;</span> <span class='ocrx_word' id='word_1_111' title='bbox 390 2041 474 2097; x_wconf 87' lang='lat' dir='ltr'>quam</span> <span class='ocrx_word' id='word_1_112' title='bbox 489 2043 506 2080; x_wconf 95' lang='lat' dir='ltr'>e</span> <span class='ocrx_word' id='word_1_113' title='bbox 527 2024 638 2097; x_wconf 84' lang='lat' dir='ltr'>gremio</span> <span class='ocrx_word' id='word_1_114' title='bbox 659 2024 764 2080; x_wconf 87' lang='lat' dir='ltr'>italiae</span> <span class='ocrx_word' id='word_1_115' title='bbox 777 2020 904 2097; x_wconf 79' lang='lat' dir='ltr'>captam,¹</span> <span class='ocrx_word' id='word_1_116' title='bbox 915 2027 983 2098; x_wconf 89' lang='lat' dir='ltr'>quia</span> 
     </span>
     <span class='ocr_line' id='line_1_18' title="bbox 111 2121 982 2196; baseline 0.005 -18"><span class='ocrx_word' id='word_1_117' title='bbox 111 2121 215 2179; x_wconf 81' lang='lat' dir='ltr'>‘unius</span> <span class='ocrx_word' id='word_1_118' title='bbox 237 2121 332 2178; x_wconf 85' lang='lat' dir='ltr'>noctis</span> <span class='ocrx_word' id='word_1_119' title='bbox 357 2140 466 2178; x_wconf 85' lang='lat' dir='ltr'>morum</span> <span class='ocrx_word' id='word_1_120' title='bbox 481 2123 641 2196; x_wconf 73' lang='lat' dir='ltr'>victoribus</span> <span class='ocrx_word' id='word_1_121' title='bbox 664 2121 825 2180; x_wconf 78' lang='lat' dir='ltr'>adtulerit?</span> <span class='ocrx_word' id='word_1_122' title='bbox 847 2125 930 2179; x_wconf 88' lang='lat' dir='ltr'>Stare</span> <span class='ocrx_word' id='word_1_123' title='bbox 951 2124 982 2182; x_wconf 90' lang='lat' dir='ltr'>in</span> 
     </span>
     <span class='ocr_line' id='line_1_19' title="bbox 12 2220 984 2295; baseline 0.002 -18"><span class='ocrx_word' id='word_1_124' title='bbox 12 2268 14 2277; x_wconf 80' lang='grc'>,</span> <span class='ocrx_word' id='word_1_125' title='bbox 111 2220 262 2279; x_wconf 83' lang='lat' dir='ltr'>‘confinio</span> <span class='ocrx_word' id='word_1_126' title='bbox 276 2220 454 2277; x_wconf 83' lang='lat' dir='ltr'>Germaniae</span> <span class='ocrx_word' id='word_1_127' title='bbox 475 2221 618 2295; x_wconf 85' lang='lat' dir='ltr'>integram</span> <span class='ocrx_word' id='word_1_128' title='bbox 633 2222 742 2288; x_wconf 88' lang='lat' dir='ltr'>sedern,</span> <span class='ocrx_word' id='word_1_129' title='bbox 756 2221 856 2294; x_wconf 87' lang='lat' dir='ltr'>spoliis</span> <span class='ocrx_word' id='word_1_130' title='bbox 870 2223 984 2279; x_wconf 80' lang='lat' dir='ltr'>exerci-</span> 
     </span>
     <span class='ocr_line' id='line_1_20' title="bbox 111 2304 986 2399; baseline 0.002 -23"><span class='ocrx_word' id='word_1_131' title='bbox 111 2324 216 2376; x_wconf 88' lang='lat' dir='ltr'>‘tuum</span> <span class='ocrx_word' id='word_1_132' title='bbox 242 2324 271 2376; x_wconf 90' lang='lat' dir='ltr'>et</span> <span class='ocrx_word' id='word_1_133' title='bbox 297 2304 414 2377; x_wconf 88' lang='lat' dir='ltr'>Ducum</span> <span class='ocrx_word' id='word_1_134' title='bbox 438 2320 577 2378; x_wconf 88' lang='lat' dir='ltr'>caedibus</span> <span class='ocrx_word' id='word_1_135' title='bbox 604 2326 753 2378; x_wconf 88' lang='lat' dir='ltr'>ovantem.</span> <span class='ocrx_word' id='word_1_136' title='bbox 794 2321 986 2399; x_wconf 82' lang='lat' dir='ltr'>Redigerelur</span> 
     </span>
     <span class='ocr_line' id='line_1_21' title="bbox 115 2417 978 2493; baseline 0.003 -20"><span class='ocrx_word' id='word_1_137' title='bbox 115 2418 246 2491; x_wconf 83' lang='lat' dir='ltr'>‘praeda</span> <span class='ocrx_word' id='word_1_138' title='bbox 272 2417 304 2474; x_wconf 94' lang='lat' dir='ltr'>in</span> <span class='ocrx_word' id='word_1_139' title='bbox 332 2418 451 2475; x_wconf 87' lang='lat' dir='ltr'>liscum:</span> <span class='ocrx_word' id='word_1_140' title='bbox 473 2417 544 2492; x_wconf 85' lang='lat' dir='ltr'>ipsis</span> <span class='ocrx_word' id='word_1_141' title='bbox 557 2418 688 2476; x_wconf 86' lang='lat' dir='ltr'>sufficere</span> <span class='ocrx_word' id='word_1_142' title='bbox 703 2420 786 2493; x_wconf 82' lang='lat' dir='ltr'>ignes</span> <span class='ocrx_word' id='word_1_143' title='bbox 810 2426 840 2476; x_wconf 89' lang='lat' dir='ltr'>et</span> <span class='ocrx_word' id='word_1_144' title='bbox 861 2419 978 2478; x_wconf 86' lang='lat' dir='ltr'>rebellis</span> 
     </span>
     <span class='ocr_line' id='line_1_22' title="bbox 109 2497 987 2591; baseline 0.002 -18"><span class='ocrx_word' id='word_1_145' title='bbox 109 2497 267 2573; x_wconf 82' lang='lat' dir='ltr'>‘coloniae</span> <span class='ocrx_word' id='word_1_146' title='bbox 281 2515 388 2582; x_wconf 88' lang='lat' dir='ltr'>ruinas,</span> <span class='ocrx_word' id='word_1_147' title='bbox 402 2517 504 2591; x_wconf 86' lang='lat' dir='ltr'>quibus</span> <span class='ocrx_word' id='word_1_148' title='bbox 519 2521 561 2574; x_wconf 88' lang='lat' dir='ltr'>tot</span> <span class='ocrx_word' id='word_1_149' title='bbox 576 2523 734 2575; x_wconf 85' lang='lat' dir='ltr'>castrorum</span> <span class='ocrx_word' id='word_1_150' title='bbox 749 2519 867 2575; x_wconf 82' lang='lat' dir='ltr'>excidia</span> <span class='ocrx_word' id='word_1_151' title='bbox 883 2536 987 2591; x_wconf 90' lang='lat' dir='ltr'>pensa·</span> 
     </span>
     <span class='ocr_line' id='line_1_23' title="bbox 111 2613 986 2683; baseline 0.005 -12"><span class='ocrx_word' id='word_1_152' title='bbox 111 2615 250 2672; x_wconf 79' lang='lat' dir='ltr'>‘rentuc’</span> <span class='ocrx_word' id='word_1_153' title='bbox 291 2613 425 2680; x_wconf 83' lang='lat' dir='ltr'>Cerialis,</span> <span class='ocrx_word' id='word_1_154' title='bbox 449 2632 466 2671; x_wconf 89' lang='lat' dir='ltr'>a</span> <span class='ocrx_word' id='word_1_155' title='bbox 487 2621 566 2671; x_wconf 92' lang='lat' dir='ltr'>metu</span> <span class='ocrx_word' id='word_1_156' title='bbox 581 2616 729 2683; x_wconf 77' lang='lat' dir='ltr'>infamiae,</span> <span class='ocrx_word' id='word_1_157' title='bbox 748 2616 773 2672; x_wconf 89' lang='lat' dir='ltr'>si</span> <span class='ocrx_word' id='word_1_158' title='bbox 788 2616 909 2675; x_wconf 89' lang='lat' dir='ltr'>licentia</span> <span class='ocrx_word' id='word_1_159' title='bbox 923 2635 986 2675; x_wconf 89' lang='lat' dir='ltr'>sae·</span> 
     </span>
     <span class='ocr_line' id='line_1_24' title="bbox 109 2712 985 2788; baseline 0.003 -17"><span class='ocrx_word' id='word_1_160' title='bbox 109 2713 242 2788; x_wconf 85' lang='lat' dir='ltr'>vitiaque</span> <span class='ocrx_word' id='word_1_161' title='bbox 256 2712 377 2771; x_wconf 89' lang='lat' dir='ltr'>inbuere</span> <span class='ocrx_word' id='word_1_162' title='bbox 391 2714 515 2771; x_wconf 87' lang='lat' dir='ltr'>militem</span> <span class='ocrx_word' id='word_1_163' title='bbox 536 2715 713 2782; x_wconf 79' lang='lat' dir='ltr'>crederetur,</span> <span class='ocrx_word' id='word_1_164' title='bbox 737 2717 841 2788; x_wconf 88' lang='lat' dir='ltr'>pressit</span> <span class='ocrx_word' id='word_1_165' title='bbox 852 2717 912 2774; x_wconf 85' lang='lat' dir='ltr'>iras</span> <span class='ocrx_word' id='word_1_166' title='bbox 926 2738 932 2773; x_wconf 75' lang='grc' dir='ltr'><strong>ε</strong></span> <span class='ocrx_word' id='word_1_167' title='bbox 954 2718 985 2774; x_wconf 90' lang='lat' dir='ltr'>et</span> 
     </span>
     <span class='ocr_line' id='line_1_25' title="bbox 113 2811 985 2886; baseline 0.002 -17"><span class='ocrx_word' id='word_1_168' title='bbox 113 2830 246 2886; x_wconf 77' lang='lat' dir='ltr'>paruere,</span> <span class='ocrx_word' id='word_1_169' title='bbox 261 2811 355 2885; x_wconf 90' lang='lat' dir='ltr'>posito</span> <span class='ocrx_word' id='word_1_170' title='bbox 367 2812 479 2869; x_wconf 85' lang='lat' dir='ltr'>civium</span> <span class='ocrx_word' id='word_1_171' title='bbox 494 2814 581 2878; x_wconf 92' lang='lat' dir='ltr'>bello,</span> <span class='ocrx_word' id='word_1_172' title='bbox 595 2815 632 2870; x_wconf 89' lang='lat' dir='ltr'>ad</span> <span class='ocrx_word' id='word_1_173' title='bbox 647 2820 770 2871; x_wconf 83' lang='lat' dir='ltr'>externa</span> <span class='ocrx_word' id='word_1_174' title='bbox 786 2817 985 2873; x_wconf 87' lang='lat' dir='ltr'>modestiores.</span> 
     </span>
     <span class='ocr_line' id='line_1_26' title="bbox 114 2910 985 2971; baseline 0.003 -3"><span class='ocrx_word' id='word_1_175' title='bbox 114 2910 273 2970; x_wconf 77' lang='lat' dir='ltr'>Convertit</span> <span class='ocrx_word' id='word_1_176' title='bbox 284 2912 354 2968; x_wconf 88' lang='lat' dir='ltr'>inde</span> <span class='ocrx_word' id='word_1_177' title='bbox 379 2911 494 2969; x_wconf 90' lang='lat' dir='ltr'>animos</span> <span class='ocrx_word' id='word_1_178' title='bbox 521 2911 680 2970; x_wconf 87' lang='lat' dir='ltr'>aeoiterum</span> <span class='ocrx_word' id='word_1_179' title='bbox 708 2932 725 2968; x_wconf 93' lang='lat' dir='ltr'>e</span> <span class='ocrx_word' id='word_1_180' title='bbox 751 2913 985 2971; x_wconf 82' lang='lat' dir='ltr'>Mediomatricis</span> 
     </span>
     <span class='ocr_line' id='line_1_27' title="bbox 113 3009 986 3084; baseline 0 -16"><span class='ocrx_word' id='word_1_181' title='bbox 113 3009 263 3083; x_wconf 88' lang='lat' dir='ltr'>legionum</span> <span class='ocrx_word' id='word_1_182' title='bbox 278 3009 448 3068; x_wconf 87' lang='lat' dir='ltr'>miserabilis</span> <span class='ocrx_word' id='word_1_183' title='bbox 463 3011 626 3084; x_wconf 80' lang='lat' dir='ltr'>adspectus.</span> <span class='ocrx_word' id='word_1_184' title='bbox 669 3011 793 3068; x_wconf 87' lang='lat' dir='ltr'>Stabant</span> <span class='ocrx_word' id='word_1_185' title='bbox 804 3011 986 3068; x_wconf 88' lang='lat' dir='ltr'>conscientia</span> 
     </span>
     <span class='ocr_line' id='line_1_28' title="bbox 113 3108 987 3184; baseline 0.001 -18"><span class='ocrx_word' id='word_1_186' title='bbox 113 3108 220 3184; x_wconf 82' lang='lat' dir='ltr'>flagitii</span> <span class='ocrx_word' id='word_1_187' title='bbox 235 3113 373 3176; x_wconf 86' lang='lat' dir='ltr'>moestae,</span> <span class='ocrx_word' id='word_1_188' title='bbox 387 3109 454 3166; x_wconf 80' lang='lat' dir='ltr'>baia</span> <span class='ocrx_word' id='word_1_189' title='bbox 469 3108 501 3166; x_wconf 94' lang='lat' dir='ltr'>in</span> <span class='ocrx_word' id='word_1_190' title='bbox 526 3113 630 3166; x_wconf 89' lang='lat' dir='ltr'>terram</span> <span class='ocrx_word' id='word_1_191' title='bbox 654 3109 757 3166; x_wconf 84' lang='lat' dir='ltr'>oculis.</span> <span class='ocrx_word' id='word_1_192' title='bbox 799 3109 828 3165; x_wconf 93' lang='lat' dir='ltr'>N</span> <span class='ocrx_word' id='word_1_193' title='bbox 832 3110 890 3165; x_wconf 90' lang='lat' dir='ltr'>ulla</span> <span class='ocrx_word' id='word_1_194' title='bbox 909 3110 987 3167; x_wconf 92' lang='lat' dir='ltr'>inter</span> 
     </span>
     <span class='ocr_line' id='line_1_29' title="bbox 113 3207 987 3285; baseline -0.002 -19"><span class='ocrx_word' id='word_1_195' title='bbox 113 3212 256 3285; x_wconf 85' lang='lat' dir='ltr'>coeuntes</span> <span class='ocrx_word' id='word_1_196' title='bbox 270 3208 417 3265; x_wconf 84' lang='lat' dir='ltr'>exercitus</span> <span class='ocrx_word' id='word_1_197' title='bbox 431 3207 635 3264; x_wconf 77' lang='lat' dir='ltr'>consalutatio.</span> <span class='ocrx_word' id='word_1_198' title='bbox 648 3225 741 3282; x_wconf 90' lang='lat' dir='ltr'>neque</span> <span class='ocrx_word' id='word_1_199' title='bbox 752 3207 911 3264; x_wconf 84' lang='lat' dir='ltr'>solantibus</span> <span class='ocrx_word' id='word_1_200' title='bbox 923 3208 987 3264; x_wconf 90' lang='lat' dir='ltr'>bor-</span> 
     </span>
     <span class='ocr_line' id='line_1_30' title="bbox 115 3306 987 3380; baseline 0.001 -17"><span class='ocrx_word' id='word_1_201' title='bbox 115 3306 285 3363; x_wconf 89' lang='lat' dir='ltr'>tantibusve</span> <span class='ocrx_word' id='word_1_202' title='bbox 314 3324 451 3379; x_wconf 89' lang='lat' dir='ltr'>responsa</span> <span class='ocrx_word' id='word_1_203' title='bbox 480 3307 598 3374; x_wconf 85' lang='lat' dir='ltr'>dabant,</span> <span class='ocrx_word' id='word_1_204' title='bbox 619 3307 711 3364; x_wconf 89' lang='lat' dir='ltr'>abditi</span> <span class='ocrx_word' id='word_1_205' title='bbox 738 3325 789 3380; x_wconf 89' lang='lat' dir='ltr'>per</span> <span class='ocrx_word' id='word_1_206' title='bbox 813 3306 937 3363; x_wconf 86' lang='lat' dir='ltr'>tentoria</span> <span class='ocrx_word' id='word_1_207' title='bbox 958 3312 987 3364; x_wconf 90' lang='lat' dir='ltr'>et</span> 
     </span>
     <span class='ocr_line' id='line_1_31' title="bbox 116 3403 989 3490; baseline 0.002 -28"><span class='ocrx_word' id='word_1_208' title='bbox 116 3403 213 3463; x_wconf 89' lang='lat' dir='ltr'>luc&#39;em</span> <span class='ocrx_word' id='word_1_209' title='bbox 241 3404 335 3478; x_wconf 90' lang='lat' dir='ltr'>ipsam</span> <span class='ocrx_word' id='word_1_210' title='bbox 362 3407 500 3462; x_wconf 88' lang='lat' dir='ltr'>vitantes.</span> <span class='ocrx_word' id='word_1_211' title='bbox 533 3422 590 3463; x_wconf 90' lang='lat' dir='ltr'>nec</span> <span class='ocrx_word' id='word_1_212' title='bbox 617 3406 737 3480; x_wconf 91' lang='lat' dir='ltr'>perinde</span> <span class='ocrx_word' id='word_1_213' title='bbox 765 3405 989 3490; x_wconf 81' lang='lat' dir='ltr'>perieulumaut</span> 
     </span>
    </p>
   </div>
   <div class='ocr_carea' id='block_1_3' title="bbox 12 3530 989 3677">
    <p class='ocr_par' dir='ltr' id='par_1_3' title="bbox 12 3530 989 3677">
     <span class='ocr_line' id='line_1_32' title="bbox 12 3530 989 3631; baseline 0.001 -24"><span class='ocrx_word' id='word_1_214' title='bbox 12 3530 13 3561; x_wconf 41' lang='lat' dir='ltr'>l</span> <span class='ocrx_word' id='word_1_215' title='bbox 121 3594 127 3609; x_wconf 87' lang='lat'><strong>.</strong></span> <span class='ocrx_word' id='word_1_216' title='bbox 142 3558 271 3607; x_wconf 65' lang='lat' dir='ltr'>mna</span> <span class='ocrx_word' id='word_1_217' title='bbox 283 3558 389 3620; x_wconf 64' lang='lat' dir='ltr'>eene]</span> <span class='ocrx_word' id='word_1_218' title='bbox 408 3559 423 3604; x_wconf 85' lang='lat' dir='ltr'>r.</span> <span class='ocrx_word' id='word_1_219' title='bbox 439 3572 461 3607; x_wconf 61' lang='grc' dir='ltr'>ο.</span> <span class='ocrx_word' id='word_1_220' title='bbox 476 3559 587 3629; x_wconf 59' lang='lat' dir='ltr'>aeman</span> <span class='ocrx_word' id='word_1_221' title='bbox 601 3559 708 3607; x_wconf 73' lang='lat' dir='ltr'>mum</span> <span class='ocrx_word' id='word_1_222' title='bbox 740 3559 841 3631; x_wconf 70' lang='lat' dir='ltr'>amun</span> <span class='ocrx_word' id='word_1_223' title='bbox 855 3573 869 3607; x_wconf 76' lang='lat' dir='ltr'>e</span> <span class='ocrx_word' id='word_1_224' title='bbox 883 3559 989 3624; x_wconf 65' lang='lat' dir='ltr'>vepro.</span> 
     </span>
     <span class='ocr_line' id='line_1_33' title="bbox 117 3618 858 3677; baseline 0.004 -13"><span class='ocrx_word' id='word_1_225' title='bbox 117 3618 167 3665; x_wconf 75' lang='lat' dir='ltr'>Aen</span> <span class='ocrx_word' id='word_1_226' title='bbox 177 3651 183 3664; x_wconf 92' lang='lat'><strong>.</strong></span> <span class='ocrx_word' id='word_1_227' title='bbox 195 3619 225 3676; x_wconf 89' lang='lat' dir='ltr'>ti,</span> <span class='ocrx_word' id='word_1_228' title='bbox 235 3620 286 3665; x_wconf 85' lang='lat' dir='ltr'>llll.</span> <span class='ocrx_word' id='word_1_229' title='bbox 297 3620 348 3665; x_wconf 77' lang='lat'>612.</span> <span class='ocrx_word' id='word_1_230' title='bbox 360 3622 467 3677; x_wconf 79' lang='lat' dir='ltr'>btnmqua</span> <span class='ocrx_word' id='word_1_231' title='bbox 477 3619 505 3666; x_wconf 82' lang='lat' dir='ltr'>all</span> <span class='ocrx_word' id='word_1_232' title='bbox 515 3618 603 3666; x_wconf 69' lang='lat' dir='ltr'>seuero</span> <span class='ocrx_word' id='word_1_233' title='bbox 612 3619 691 3666; x_wconf 75' lang='lat' dir='ltr'>erlem</span> <span class='ocrx_word' id='word_1_234' title='bbox 700 3624 767 3666; x_wconf 65' lang='lat' dir='ltr'>eme.</span> <span class='ocrx_word' id='word_1_235' title='bbox 797 3618 858 3667; x_wconf 71' lang='lat' dir='ltr'>Eira.</span> 
     </span>
    </p>
   </div>
   <div class='ocr_carea' id='block_1_4' title="bbox 0 0 1269 4292">
    <p class='ocr_par' dir='ltr' id='par_1_4' title="bbox 0 0 1269 4292">
     <span class='ocr_line' id='line_1_34' title="bbox 0 0 1269 4292; baseline 0 0"><span class='ocrx_word' id='word_1_236' title='bbox 0 0 1269 4292; x_wconf 95' lang='lat' dir='ltr'> </span> 
     </span>
    </p>
   </div>
  </div>
 </body>
</html>
