<?xml version="1.0" encoding="UTF-8"?>
<!DOCTYPE html PUBLIC "-//W3C//DTD XHTML 1.0 Transitional//EN"
    "http://www.w3.org/TR/xhtml1/DTD/xhtml1-transitional.dtd">
<html xmlns="http://www.w3.org/1999/xhtml" xml:lang="en" lang="en">
 <head>
  <title>
</title>
<meta http-equiv="Content-Type" content="text/html;charset=utf-8" />
  <meta name='ocr-system' content='tesseract 3.04.00' />
  <meta name='ocr-capabilities' content='ocr_page ocr_carea ocr_par ocr_line ocrx_word'/>
</head>
<body>
  <div class='ocr_page' id='page_1' title='image "./ccorneliitaciti03brotgoog_0114.png"; bbox 0 0 2509 4292; ppageno 0'>
   <div class='ocr_carea' id='block_1_1' title="bbox 302 382 1168 454">
    <p class='ocr_par' dir='ltr' id='par_1_1' title="bbox 302 382 1168 454">
     <span class='ocr_line' id='line_1_1' title="bbox 302 382 1168 454; baseline -0.001 -3"><span class='ocrx_word' id='word_1_1' title='bbox 302 382 350 454; x_wconf 76' lang='grc'>92</span> <span class='ocrx_word' id='word_1_2' title='bbox 625 399 809 448; x_wconf 75' lang='lat' dir='ltr'>suasuram</span> <span class='ocrx_word' id='word_1_3' title='bbox 1029 401 1168 452; x_wconf 70' lang='lat' dir='ltr'>naara.</span> 
     </span>
    </p>
   </div>
   <div class='ocr_carea' id='block_1_2' title="bbox 301 549 1168 735">
    <p class='ocr_par' dir='ltr' id='par_1_2' title="bbox 301 549 1168 735">
     <span class='ocr_line' id='line_1_2' title="bbox 301 549 1168 631; baseline -0.018 -14"><span class='ocrx_word' id='word_1_4' title='bbox 301 563 363 618; x_wconf 89' lang='lat' dir='ltr'>arta</span> <span class='ocrx_word' id='word_1_5' title='bbox 377 554 542 614; x_wconf 73' lang='lat' dir='ltr'>medicinae</span> <span class='ocrx_word' id='word_1_6' title='bbox 566 556 726 628; x_wconf 82' lang='lat' dir='ltr'>probatum,</span> <span class='ocrx_word' id='word_1_7' title='bbox 749 558 823 622; x_wconf 90' lang='lat' dir='ltr'>orat,</span> <span class='ocrx_word' id='word_1_8' title='bbox 841 549 986 629; x_wconf 59' lang='lat' dir='ltr'>peruersa</span> <span class='ocrx_word' id='word_1_9' title='bbox 1006 552 1114 631; x_wconf 64' lang='lat' dir='ltr'>prum</span> <span class='ocrx_word' id='word_1_10' title='bbox 1130 572 1168 613; x_wconf 59' lang='lat' dir='ltr'>u.</span> 
     </span>
     <span class='ocr_line' id='line_1_3' title="bbox 301 652 1167 735; baseline -0.006 -19"><span class='ocrx_word' id='word_1_11' title='bbox 301 674 412 723; x_wconf 73' lang='lat' dir='ltr'>armna,</span> <span class='ocrx_word' id='word_1_12' title='bbox 435 673 492 730; x_wconf 90' lang='lat' dir='ltr'>quo</span> <span class='ocrx_word' id='word_1_13' title='bbox 515 654 645 735; x_wconf 85' lang='lat' dir='ltr'>damnati</span> <span class='ocrx_word' id='word_1_14' title='bbox 668 653 785 725; x_wconf 78' lang='lat' dir='ltr'>publiea</span> <span class='ocrx_word' id='word_1_15' title='bbox 810 652 1040 711; x_wconf 74' lang='lat' dir='ltr'>Atheniensium</span> <span class='ocrx_word' id='word_1_16' title='bbox 1063 653 1167 711; x_wconf 88' lang='lat' dir='ltr'>iudicio</span> 
     </span>
    </p>
   </div>
   <div class='ocr_carea' id='block_1_3' title="bbox 250 752 1229 2901">
    <p class='ocr_par' dir='ltr' id='par_1_3' title="bbox 250 752 1229 2901">
     <span class='ocr_line' id='line_1_4' title="bbox 303 752 1167 829; baseline -0.007 -14"><span class='ocrx_word' id='word_1_17' title='bbox 303 759 566 829; x_wconf 73' lang='lat' dir='ltr'>exstinguerentur,</span> <span class='ocrx_word' id='word_1_18' title='bbox 586 757 745 827; x_wconf 66' lang='lat' dir='ltr'>pamm:</span> <span class='ocrx_word' id='word_1_19' title='bbox 776 752 962 826; x_wconf 62' lang='lat' dir='ltr'>mistumque</span> <span class='ocrx_word' id='word_1_20' title='bbox 982 753 1079 811; x_wconf 86' lang='lat' dir='ltr'>bausit</span> <span class='ocrx_word' id='word_1_21' title='bbox 1104 754 1167 810; x_wconf 82' lang='lat' dir='ltr'>irus·</span> 
     </span>
     <span class='ocr_line' id='line_1_5' title="bbox 303 853 1166 929; baseline -0.006 -16"><span class='ocrx_word' id='word_1_22' title='bbox 303 861 355 923; x_wconf 83' lang='lat' dir='ltr'>tra,</span> <span class='ocrx_word' id='word_1_23' title='bbox 370 855 487 929; x_wconf 75' lang='lat' dir='ltr'>frigidus</span> <span class='ocrx_word' id='word_1_24' title='bbox 508 853 566 909; x_wconf 89' lang='lat' dir='ltr'>ium</span> <span class='ocrx_word' id='word_1_25' title='bbox 588 857 675 917; x_wconf 84' lang='lat' dir='ltr'>artua,</span> <span class='ocrx_word' id='word_1_26' title='bbox 697 857 726 907; x_wconf 89' lang='lat' dir='ltr'>et</span> <span class='ocrx_word' id='word_1_27' title='bbox 750 853 851 908; x_wconf 79' lang='lat' dir='ltr'>clausu</span> <span class='ocrx_word' id='word_1_28' title='bbox 873 866 997 923; x_wconf 87' lang='lat' dir='ltr'>corpore</span> <span class='ocrx_word' id='word_1_29' title='bbox 1020 853 1166 908; x_wconf 79' lang='lat' dir='ltr'>adeersum</span> 
     </span>
     <span class='ocr_line' id='line_1_6' title="bbox 303 950 1165 1024; baseline -0.007 -12"><span class='ocrx_word' id='word_1_30' title='bbox 303 954 365 1012; x_wconf 79' lang='lat' dir='ltr'>vina</span> <span class='ocrx_word' id='word_1_31' title='bbox 381 951 497 1010; x_wconf 85' lang='lat' dir='ltr'>veneni</span> <span class='ocrx_word' id='word_1_32' title='bbox 540 951 690 1007; x_wconf 86' lang='lat' dir='ltr'>Postremo</span> <span class='ocrx_word' id='word_1_33' title='bbox 713 956 846 1023; x_wconf 70' lang='lat' dir='ltr'>stagnum</span> <span class='ocrx_word' id='word_1_34' title='bbox 873 950 991 1007; x_wconf 74' lang='lat' dir='ltr'>calidae</span> <span class='ocrx_word' id='word_1_35' title='bbox 1015 965 1106 1024; x_wconf 88' lang='lat' dir='ltr'>aquae</span> <span class='ocrx_word' id='word_1_36' title='bbox 1128 951 1165 1006; x_wconf 86' lang='lat' dir='ltr'>in·</span> 
     </span>
     <span class='ocr_line' id='line_1_7' title="bbox 303 1049 1164 1122; baseline -0.009 -12"><span class='ocrx_word' id='word_1_37' title='bbox 303 1054 393 1113; x_wconf 86' lang='lat' dir='ltr'>troiit,</span> <span class='ocrx_word' id='word_1_38' title='bbox 418 1065 586 1122; x_wconf 70' lang='lat' dir='ltr'>inspergens</span> <span class='ocrx_word' id='word_1_39' title='bbox 609 1049 755 1120; x_wconf 81' lang='lat' dir='ltr'>prosimos</span> <span class='ocrx_word' id='word_1_40' title='bbox 779 1064 938 1114; x_wconf 82' lang='lat' dir='ltr'>servornm,</span> <span class='ocrx_word' id='word_1_41' title='bbox 963 1050 1065 1105; x_wconf 90' lang='lat' dir='ltr'>addita</span> <span class='ocrx_word' id='word_1_42' title='bbox 1080 1064 1164 1104; x_wconf 89' lang='lat' dir='ltr'>vace:</span> 
     </span>
     <span class='ocr_line' id='line_1_8' title="bbox 302 1145 1187 1224; baseline -0.008 -15"><span class='ocrx_word' id='word_1_43' title='bbox 302 1149 409 1209; x_wconf 72' lang='lat' dir='ltr'>Hisne</span> <span class='ocrx_word' id='word_1_44' title='bbox 439 1165 470 1205; x_wconf 85' lang='lat' dir='ltr'>ae</span> <span class='ocrx_word' id='word_1_45' title='bbox 499 1146 634 1224; x_wconf 66' lang='lat' dir='ltr'>qusn</span> <span class='ocrx_word' id='word_1_46' title='bbox 659 1145 741 1203; x_wconf 62' lang='lat' dir='ltr'>dmm</span> <span class='ocrx_word' id='word_1_47' title='bbox 775 1146 864 1204; x_wconf 78' lang='lat' dir='ltr'>lovi</span> <span class='ocrx_word' id='word_1_48' title='bbox 895 1146 1187 1205; x_wconf 74' lang='lat' dir='ltr'>Linssaa&#39;roai..</span> 
     </span>
     <span class='ocr_line' id='line_1_9' title="bbox 302 1244 1165 1315; baseline -0.005 -10"><span class='ocrx_word' id='word_1_49' title='bbox 302 1246 383 1307; x_wconf 77' lang='lat' dir='ltr'>Exin</span> <span class='ocrx_word' id='word_1_50' title='bbox 398 1249 505 1304; x_wconf 76' lang='lat' dir='ltr'>hainao</span> <span class='ocrx_word' id='word_1_51' title='bbox 516 1246 634 1313; x_wconf 86' lang='lat' dir='ltr'>inlatas,</span> <span class='ocrx_word' id='word_1_52' title='bbox 646 1249 677 1302; x_wconf 86' lang='lat' dir='ltr'>et</span> <span class='ocrx_word' id='word_1_53' title='bbox 692 1261 798 1315; x_wconf 89' lang='lat' dir='ltr'>vapore</span> <span class='ocrx_word' id='word_1_54' title='bbox 813 1244 886 1305; x_wconf 87' lang='lat' dir='ltr'>eius.</span> <span class='ocrx_word' id='word_1_55' title='bbox 896 1248 1093 1309; x_wconf 82' lang='lat' dir='ltr'>exanimatus,</span> <span class='ocrx_word' id='word_1_56' title='bbox 1106 1246 1165 1301; x_wconf 86' lang='lat' dir='ltr'>sina</span> 
     </span>
     <span class='ocr_line' id='line_1_10' title="bbox 302 1344 1162 1416; baseline -0.006 -13"><span class='ocrx_word' id='word_1_57' title='bbox 302 1348 363 1404; x_wconf 76' lang='lat' dir='ltr'>aiio</span> <span class='ocrx_word' id='word_1_58' title='bbox 385 1345 493 1402; x_wconf 81' lang='lat' dir='ltr'>funeris</span> <span class='ocrx_word' id='word_1_59' title='bbox 516 1344 631 1402; x_wconf 76' lang='lat' dir='ltr'>soienm</span> <span class='ocrx_word' id='word_1_60' title='bbox 655 1351 807 1401; x_wconf 84' lang='lat' dir='ltr'>crematur.</span> <span class='ocrx_word' id='word_1_61' title='bbox 849 1344 895 1400; x_wconf 84' lang='lat' dir='ltr'>lta</span> <span class='ocrx_word' id='word_1_62' title='bbox 918 1345 1068 1402; x_wconf 84' lang='lat' dir='ltr'>nodieiiiis</span> <span class='ocrx_word' id='word_1_63' title='bbox 1091 1359 1162 1416; x_wconf 88' lang='lat' dir='ltr'>prae·</span> 
     </span>
     <span class='ocr_line' id='line_1_11' title="bbox 302 1442 1164 1515; baseline -0.007 -14"><span class='ocrx_word' id='word_1_64' title='bbox 302 1445 465 1515; x_wconf 81' lang='lat' dir='ltr'>scripserat,</span> <span class='ocrx_word' id='word_1_65' title='bbox 477 1460 544 1501; x_wconf 89' lang='lat' dir='ltr'>cum</span> <span class='ocrx_word' id='word_1_66' title='bbox 565 1444 655 1500; x_wconf 85' lang='lat' dir='ltr'>etism</span> <span class='ocrx_word' id='word_1_67' title='bbox 680 1452 739 1498; x_wconf 87' lang='lat' dir='ltr'>tum</span> <span class='ocrx_word' id='word_1_68' title='bbox 764 1442 917 1512; x_wconf 74' lang='lat' dir='ltr'>praedives</span> <span class='ocrx_word' id='word_1_69' title='bbox 941 1450 973 1499; x_wconf 86' lang='lat' dir='ltr'>ct</span> <span class='ocrx_word' id='word_1_70' title='bbox 1000 1448 1164 1514; x_wconf 86' lang='lat' dir='ltr'>praepotens</span> 
     </span>
     <span class='ocr_line' id='line_1_12' title="bbox 251 1540 1161 1615; baseline -0.005 -15"><span class='ocrx_word' id='word_1_71' title='bbox 251 1540 292 1601; x_wconf 78' lang='grc'>65</span> <span class='ocrx_word' id='word_1_72' title='bbox 302 1544 442 1615; x_wconf 83' lang='lat' dir='ltr'>supremis</span> <span class='ocrx_word' id='word_1_73' title='bbox 454 1543 514 1598; x_wconf 85' lang='lat' dir='ltr'>suia</span> <span class='ocrx_word' id='word_1_74' title='bbox 537 1543 710 1598; x_wconf 73' lang='lat' dir='ltr'>consuleret.</span> <span class='ocrx_word' id='word_1_75' title='bbox 752 1541 843 1597; x_wconf 81' lang='lat' dir='ltr'>Fama</span> <span class='ocrx_word' id='word_1_76' title='bbox 863 1540 926 1607; x_wconf 87' lang='lat' dir='ltr'>init,</span> <span class='ocrx_word' id='word_1_77' title='bbox 949 1541 1087 1598; x_wconf 78' lang='lat' dir='ltr'>Subrium</span> <span class='ocrx_word' id='word_1_78' title='bbox 1102 1541 1161 1598; x_wconf 79' lang='lat' dir='ltr'>Fia-</span> 
     </span>
     <span class='ocr_line' id='line_1_13' title="bbox 303 1639 1162 1711; baseline -0.005 -13"><span class='ocrx_word' id='word_1_79' title='bbox 303 1642 384 1699; x_wconf 83' lang='lat' dir='ltr'>vium</span> <span class='ocrx_word' id='word_1_80' title='bbox 417 1658 483 1698; x_wconf 86' lang='lat' dir='ltr'>num</span> <span class='ocrx_word' id='word_1_81' title='bbox 518 1639 743 1697; x_wconf 84' lang='lat' dir='ltr'>Centurionibus</span> <span class='ocrx_word' id='word_1_82' title='bbox 770 1642 886 1696; x_wconf 76' lang='lat' dir='ltr'>occuito</span> <span class='ocrx_word' id='word_1_83' title='bbox 912 1640 1050 1707; x_wconf 86' lang='lat' dir='ltr'>consitio,</span> <span class='ocrx_word' id='word_1_84' title='bbox 1076 1652 1162 1711; x_wconf 84' lang='lat' dir='ltr'>neque</span> 
     </span>
     <span class='ocr_line' id='line_1_14' title="bbox 302 1736 1163 1811; baseline -0.008 -13"><span class='ocrx_word' id='word_1_85' title='bbox 302 1745 399 1798; x_wconf 84' lang='lat' dir='ltr'>tamen</span> <span class='ocrx_word' id='word_1_86' title='bbox 420 1741 571 1811; x_wconf 73' lang='lat' dir='ltr'>ignorante</span> <span class='ocrx_word' id='word_1_87' title='bbox 596 1740 720 1804; x_wconf 84' lang='lat' dir='ltr'>Seneca,</span> <span class='ocrx_word' id='word_1_88' title='bbox 742 1736 945 1801; x_wconf 66' lang='lat' dir='ltr'>destinavisse,</span> <span class='ocrx_word' id='word_1_89' title='bbox 961 1745 1024 1803; x_wconf 87' lang='lat' dir='ltr'>‘ut,</span> <span class='ocrx_word' id='word_1_90' title='bbox 1045 1746 1105 1811; x_wconf 88' lang='lat' dir='ltr'>post</span> <span class='ocrx_word' id='word_1_91' title='bbox 1118 1751 1163 1792; x_wconf 80' lang='lat' dir='ltr'>oc·</span> 
     </span>
     <span class='ocr_line' id='line_1_15' title="bbox 302 1836 1229 1917; baseline -0.009 -20"><span class='ocrx_word' id='word_1_92' title='bbox 302 1841 416 1897; x_wconf 86' lang='lat' dir='ltr'>‘cisum</span> <span class='ocrx_word' id='word_1_93' title='bbox 429 1856 516 1909; x_wconf 88' lang='lat' dir='ltr'>opera</span> <span class='ocrx_word' id='word_1_94' title='bbox 531 1837 647 1894; x_wconf 89' lang='lat' dir='ltr'>Pisonis</span> <span class='ocrx_word' id='word_1_95' title='bbox 671 1837 829 1899; x_wconf 87' lang='lat' dir='ltr'>Neronem,</span> <span class='ocrx_word' id='word_1_96' title='bbox 854 1836 923 1893; x_wconf 86' lang='lat' dir='ltr'>Pisa</span> <span class='ocrx_word' id='word_1_97' title='bbox 943 1854 1060 1911; x_wconf 90' lang='lat' dir='ltr'>quoque</span> <span class='ocrx_word' id='word_1_98' title='bbox 1081 1836 1161 1891; x_wconf 85' lang='lat' dir='ltr'>inter·</span> <span class='ocrx_word' id='word_1_99' title='bbox 1228 1902 1229 1917; x_wconf 22' lang='lat' dir='ltr'>q</span> 
     </span>
     <span class='ocr_line' id='line_1_16' title="bbox 274 1928 1229 2010; baseline -0.013 -12"><span class='ocrx_word' id='word_1_100' title='bbox 274 1982 278 1989; x_wconf 82' lang='lat'><em>-</em></span> <span class='ocrx_word' id='word_1_101' title='bbox 304 1939 463 2003; x_wconf 76' lang='lat' dir='ltr'>‘dceretnn</span> <span class='ocrx_word' id='word_1_102' title='bbox 490 1938 703 2010; x_wconf 81' lang='lat' dir='ltr'>tradereturque</span> <span class='ocrx_word' id='word_1_103' title='bbox 728 1935 885 2006; x_wconf 73' lang='lat' dir='ltr'>Imperium</span> <span class='ocrx_word' id='word_1_104' title='bbox 914 1935 1060 2002; x_wconf 76' lang='lat' dir='ltr'>Senecae,</span> <span class='ocrx_word' id='word_1_105' title='bbox 1086 1929 1160 2007; x_wconf 87' lang='lat' dir='ltr'>qnasi</span> <span class='ocrx_word' id='word_1_106' title='bbox 1228 1928 1229 1987; x_wconf 76' lang='grc' dir='ltr'>ξ</span> 
     </span>
     <span class='ocr_line' id='line_1_17' title="bbox 304 2006 1229 2096; baseline -0.013 0"><span class='ocrx_word' id='word_1_107' title='bbox 304 2038 484 2096; x_wconf 85' lang='lat' dir='ltr'>‘insontibus</span> <span class='ocrx_word' id='word_1_108' title='bbox 507 2035 681 2092; x_wconf 78' lang='lat' dir='ltr'>claritudine</span> <span class='ocrx_word' id='word_1_109' title='bbox 706 2033 844 2091; x_wconf 86' lang='lat' dir='ltr'>virtutum</span> <span class='ocrx_word' id='word_1_110' title='bbox 868 2034 905 2088; x_wconf 89' lang='lat' dir='ltr'>ad</span> <span class='ocrx_word' id='word_1_111' title='bbox 928 2050 1072 2091; x_wconf 88' lang='lat' dir='ltr'>summum</span> <span class='ocrx_word' id='word_1_112' title='bbox 1092 2028 1162 2090; x_wconf 82' lang='lat' dir='ltr'>iasti-</span> <span class='ocrx_word' id='word_1_113' title='bbox 1228 2006 1229 2085; x_wconf 72' lang='lat' dir='ltr'>i</span> 
     </span>
     <span class='ocr_line' id='line_1_18' title="bbox 304 2131 1160 2211; baseline -0.012 -18"><span class='ocrx_word' id='word_1_114' title='bbox 304 2138 402 2211; x_wconf 64' lang='lat' dir='ltr'>*giam</span> <span class='ocrx_word' id='word_1_115' title='bbox 428 2132 562 2193; x_wconf 67' lang='lat' dir='ltr'>deiecto!</span> <span class='ocrx_word' id='word_1_116' title='bbox 615 2132 693 2204; x_wconf 81' lang='lat' dir='ltr'>Quin</span> <span class='ocrx_word' id='word_1_117' title='bbox 719 2136 749 2188; x_wconf 85' lang='lat' dir='ltr'>ei</span> <span class='ocrx_word' id='word_1_118' title='bbox 774 2133 862 2187; x_wconf 85' lang='lat' dir='ltr'>verba</span> <span class='ocrx_word' id='word_1_119' title='bbox 887 2131 990 2188; x_wconf 79' lang='lat' dir='ltr'>Flavii</span> <span class='ocrx_word' id='word_1_120' title='bbox 1014 2133 1160 2203; x_wconf 75' lang='lat' dir='ltr'>auigaban·</span> 
     </span>
     <span class='ocr_line' id='line_1_19' title="bbox 303 2230 1160 2295; baseline -0.013 -3"><span class='ocrx_word' id='word_1_121' title='bbox 303 2238 367 2292; x_wconf 89' lang='lat' dir='ltr'>tar:</span> <span class='ocrx_word' id='word_1_122' title='bbox 388 2244 468 2292; x_wconf 73' lang='lat' dir='ltr'>‘non</span> <span class='ocrx_word' id='word_1_123' title='bbox 488 2235 593 2291; x_wconf 81' lang='lat' dir='ltr'>referre</span> <span class='ocrx_word' id='word_1_124' title='bbox 617 2231 763 2295; x_wconf 86' lang='lat' dir='ltr'>dedecori,</span> <span class='ocrx_word' id='word_1_125' title='bbox 776 2230 801 2286; x_wconf 92' lang='lat' dir='ltr'>si</span> <span class='ocrx_word' id='word_1_126' title='bbox 825 2230 1011 2288; x_wconf 86' lang='lat' dir='ltr'>citharoedus</span> <span class='ocrx_word' id='word_1_127' title='bbox 1035 2232 1160 2287; x_wconf 80' lang='lat' dir='ltr'>‹ternove-</span> 
     </span>
     <span class='ocr_line' id='line_1_20' title="bbox 302 2326 1159 2404; baseline -0.012 -14"><span class='ocrx_word' id='word_1_128' title='bbox 302 2339 401 2390; x_wconf 81' lang='lat' dir='ltr'>‘retur</span> <span class='ocrx_word' id='word_1_129' title='bbox 432 2344 462 2388; x_wconf 87' lang='lat' dir='ltr'>et</span> <span class='ocrx_word' id='word_1_130' title='bbox 496 2333 647 2404; x_wconf 82' lang='lat' dir='ltr'>tragoedus</span> <span class='ocrx_word' id='word_1_131' title='bbox 678 2326 876 2387; x_wconf 71' lang='lat' dir='ltr'>succederet?</span> <span class='ocrx_word' id='word_1_132' title='bbox 909 2330 988 2401; x_wconf 88' lang='lat' dir='ltr'>qnia,</span> <span class='ocrx_word' id='word_1_133' title='bbox 1024 2335 1054 2386; x_wconf 93' lang='lat' dir='ltr'>ut</span> <span class='ocrx_word' id='word_1_134' title='bbox 1088 2328 1159 2383; x_wconf 84' lang='lat' dir='ltr'>Nero</span> 
     </span>
     <span class='ocr_line' id='line_1_21' title="bbox 250 2428 1158 2501; baseline -0.01 -14"><span class='ocrx_word' id='word_1_135' title='bbox 250 2431 422 2499; x_wconf 69' lang='lat' dir='ltr'>oecitbara,</span> <span class='ocrx_word' id='word_1_136' title='bbox 436 2431 477 2486; x_wconf 90' lang='lat' dir='ltr'>ita</span> <span class='ocrx_word' id='word_1_137' title='bbox 501 2430 568 2486; x_wconf 85' lang='lat' dir='ltr'>Piso</span> <span class='ocrx_word' id='word_1_138' title='bbox 592 2429 703 2501; x_wconf 78' lang='lat' dir='ltr'>tragion</span> <span class='ocrx_word' id='word_1_139' title='bbox 726 2436 828 2483; x_wconf 87' lang='lat' dir='ltr'>ornatu</span> <span class='ocrx_word' id='word_1_140' title='bbox 852 2429 988 2484; x_wconf 84' lang='lat' dir='ltr'>canebat.</span> <span class='ocrx_word' id='word_1_141' title='bbox 1030 2428 1158 2484; x_wconf 77' lang='lat' dir='ltr'>Ceterum</span> 
     </span>
     <span class='ocr_line' id='line_1_22' title="bbox 302 2525 1159 2600; baseline -0.012 -14"><span class='ocrx_word' id='word_1_142' title='bbox 302 2528 435 2586; x_wconf 80' lang='lat' dir='ltr'>militaris</span> <span class='ocrx_word' id='word_1_143' title='bbox 448 2543 560 2600; x_wconf 89' lang='lat' dir='ltr'>qaoque</span> <span class='ocrx_word' id='word_1_144' title='bbox 574 2525 753 2595; x_wconf 79' lang='lat' dir='ltr'>conspiratio</span> <span class='ocrx_word' id='word_1_145' title='bbox 766 2541 823 2581; x_wconf 89' lang='lat' dir='ltr'>non</span> <span class='ocrx_word' id='word_1_146' title='bbox 849 2528 922 2581; x_wconf 87' lang='lat' dir='ltr'>nitra</span> <span class='ocrx_word' id='word_1_147' title='bbox 937 2526 1050 2587; x_wconf 78' lang='lat' dir='ltr'>scietiit,</span> <span class='ocrx_word' id='word_1_148' title='bbox 1064 2537 1159 2580; x_wconf 75' lang='lat' dir='ltr'>saccea⁴</span> 
     </span>
     <span class='ocr_line' id='line_1_23' title="bbox 301 2623 1157 2697; baseline -0.009 -15"><span class='ocrx_word' id='word_1_149' title='bbox 301 2624 341 2682; x_wconf 89' lang='lat' dir='ltr'>sis</span> <span class='ocrx_word' id='word_1_150' title='bbox 364 2623 508 2682; x_wconf 87' lang='lat' dir='ltr'>iudicibus</span> <span class='ocrx_word' id='word_1_151' title='bbox 531 2625 568 2678; x_wconf 91' lang='lat' dir='ltr'>ad</span> <span class='ocrx_word' id='word_1_152' title='bbox 590 2625 768 2694; x_wconf 87' lang='lat' dir='ltr'>prodendum</span> <span class='ocrx_word' id='word_1_153' title='bbox 794 2624 918 2680; x_wconf 77' lang='lat' dir='ltr'>Feninm</span> <span class='ocrx_word' id='word_1_154' title='bbox 944 2623 1059 2682; x_wconf 75' lang='lat' dir='ltr'>Rufum,</span> <span class='ocrx_word' id='word_1_155' title='bbox 1079 2633 1157 2697; x_wconf 78' lang='lat' dir='ltr'>quem</span> 
     </span>
     <span class='ocr_line' id='line_1_24' title="bbox 301 2721 1154 2794; baseline -0.012 -14"><span class='ocrx_word' id='word_1_156' title='bbox 301 2724 433 2780; x_wconf 89' lang='lat' dir='ltr'>eumdem</span> <span class='ocrx_word' id='word_1_157' title='bbox 454 2721 603 2778; x_wconf 87' lang='lat' dir='ltr'>conscium</span> <span class='ocrx_word' id='word_1_158' title='bbox 627 2727 657 2777; x_wconf 89' lang='lat' dir='ltr'>et</span> <span class='ocrx_word' id='word_1_159' title='bbox 679 2722 876 2794; x_wconf 82' lang='lat' dir='ltr'>inquisitorem</span> <span class='ocrx_word' id='word_1_160' title='bbox 903 2739 959 2777; x_wconf 90' lang='lat' dir='ltr'>non</span> <span class='ocrx_word' id='word_1_161' title='bbox 994 2722 1154 2779; x_wconf 72' lang='lat' dir='ltr'>tolerabant.</span> 
     </span>
     <span class='ocr_line' id='line_1_25' title="bbox 301 2819 1228 2901; baseline -0.013 -21"><span class='ocrx_word' id='word_1_162' title='bbox 301 2821 379 2893; x_wconf 76' lang='lat' dir='ltr'>Ergo</span> <span class='ocrx_word' id='word_1_163' title='bbox 402 2819 523 2877; x_wconf 86' lang='lat' dir='ltr'>instanti</span> <span class='ocrx_word' id='word_1_164' title='bbox 551 2819 752 2893; x_wconf 87' lang='lat' dir='ltr'>minitantique</span> <span class='ocrx_word' id='word_1_165' title='bbox 778 2820 915 2879; x_wconf 82' lang='lat' dir='ltr'>renidens</span> <span class='ocrx_word' id='word_1_166' title='bbox 943 2820 1095 2883; x_wconf 80' lang='lat' dir='ltr'>Saevinus,</span> <span class='ocrx_word' id='word_1_167' title='bbox 1115 2829 1156 2869; x_wconf 88' lang='lat' dir='ltr'>ne·</span> <span class='ocrx_word' id='word_1_168' title='bbox 1227 2892 1228 2901; x_wconf 9' lang='grc' dir='ltr'>ἵ</span> 
     </span>
    </p>
   </div>
   <div class='ocr_carea' id='block_1_4' title="bbox 299 2916 1155 3483">
    <p class='ocr_par' dir='ltr' id='par_1_4' title="bbox 299 2916 1155 3483">
     <span class='ocr_line' id='line_1_26' title="bbox 300 2916 1155 2994; baseline -0.014 -17"><span class='ocrx_word' id='word_1_169' title='bbox 300 2917 409 2985; x_wconf 74' lang='lat' dir='ltr'>astinem,</span> <span class='ocrx_word' id='word_1_170' title='bbox 430 2918 480 2982; x_wconf 88' lang='lat' dir='ltr'>ait,</span> <span class='ocrx_word' id='word_1_171' title='bbox 501 2916 587 2993; x_wconf 73' lang='lat' dir='ltr'>parra</span> <span class='ocrx_word' id='word_1_172' title='bbox 610 2916 692 2982; x_wconf 80' lang='lat' dir='ltr'>scire,</span> <span class='ocrx_word' id='word_1_173' title='bbox 716 2934 797 2992; x_wconf 81' lang='lat' dir='ltr'>pacm</span> <span class='ocrx_word' id='word_1_174' title='bbox 816 2916 916 2994; x_wconf 78' lang='lat' dir='ltr'>ipsam.</span> <span class='ocrx_word' id='word_1_175' title='bbox 971 2919 1155 2985; x_wconf 80' lang='lat' dir='ltr'>Hortatusque</span> 
     </span>
     <span class='ocr_line' id='line_1_27' title="bbox 300 2992 1154 3091; baseline -0.016 -14"><span class='ocrx_word' id='word_1_176' title='bbox 300 3022 384 3083; x_wconf 84' lang='lat' dir='ltr'>uitro,</span> <span class='ocrx_word' id='word_1_177' title='bbox 407 3015 529 3073; x_wconf 81' lang='lat' dir='ltr'>redderet</span> <span class='ocrx_word' id='word_1_178' title='bbox 550 3022 608 3072; x_wconf 80' lang='lat' dir='ltr'>tarn</span> <span class='ocrx_word' id='word_1_179' title='bbox 630 3015 699 3072; x_wconf 84' lang='lat' dir='ltr'>bono</span> <span class='ocrx_word' id='word_1_180' title='bbox 726 3013 850 3091; x_wconf 77' lang='lat' dir='ltr'>Principe¹</span> <span class='ocrx_word' id='word_1_181' title='bbox 871 3013 964 3072; x_wconf 67' lang='lat' dir='ltr'>measa.</span> <span class='ocrx_word' id='word_1_182' title='bbox 1008 3017 1074 3072; x_wconf 89' lang='lat' dir='ltr'>Nou</span> <span class='ocrx_word' id='word_1_183' title='bbox 1099 2992 1154 3065; x_wconf 71' lang='grc' dir='ltr'>νὀι</span> 
     </span>
     <span class='ocr_line' id='line_1_28' title="bbox 300 3114 1154 3178; baseline -0.015 -1"><span class='ocrx_word' id='word_1_184' title='bbox 300 3121 453 3177; x_wconf 83' lang='lat' dir='ltr'>adversam</span> <span class='ocrx_word' id='word_1_185' title='bbox 477 3133 511 3170; x_wconf 89' lang='lat' dir='ltr'>ea</span> <span class='ocrx_word' id='word_1_186' title='bbox 536 3115 640 3178; x_wconf 71' lang='lat' dir='ltr'>Penio,</span> <span class='ocrx_word' id='word_1_187' title='bbox 664 3130 722 3169; x_wconf 87' lang='lat' dir='ltr'>nnn</span> <span class='ocrx_word' id='word_1_188' title='bbox 744 3114 901 3178; x_wconf 85' lang='lat' dir='ltr'>sitentium,</span> <span class='ocrx_word' id='word_1_189' title='bbox 924 3116 976 3171; x_wconf 87' lang='lat' dir='ltr'>sed</span> <span class='ocrx_word' id='word_1_190' title='bbox 1002 3114 1088 3169; x_wconf 83' lang='lat' dir='ltr'>verba</span> <span class='ocrx_word' id='word_1_191' title='bbox 1108 3122 1154 3164; x_wconf 84' lang='lat' dir='ltr'>aaa</span> 
     </span>
     <span class='ocr_line' id='line_1_29' title="bbox 300 3212 1152 3291; baseline -0.019 -15"><span class='ocrx_word' id='word_1_192' title='bbox 300 3217 490 3291; x_wconf 84' lang='lat' dir='ltr'>praepediens</span> <span class='ocrx_word' id='word_1_193' title='bbox 516 3220 546 3269; x_wconf 90' lang='lat' dir='ltr'>et</span> <span class='ocrx_word' id='word_1_194' title='bbox 573 3212 688 3283; x_wconf 89' lang='lat' dir='ltr'>pavoris</span> <span class='ocrx_word' id='word_1_195' title='bbox 716 3212 894 3278; x_wconf 77' lang='lat' dir='ltr'>manifestae,</span> <span class='ocrx_word' id='word_1_196' title='bbox 928 3214 1096 3284; x_wconf 80' lang='lat' dir='ltr'>ceterisque,</span> <span class='ocrx_word' id='word_1_197' title='bbox 1121 3219 1152 3261; x_wconf 89' lang='lat' dir='ltr'>ac</span> 
     </span>
     <span class='ocr_line' id='line_1_30' title="bbox 299 3306 1152 3382; baseline -0.021 -7"><span class='ocrx_word' id='word_1_198' title='bbox 299 3319 426 3376; x_wconf 85' lang='lat' dir='ltr'>maxime</span> <span class='ocrx_word' id='word_1_199' title='bbox 442 3313 581 3371; x_wconf 87' lang='lat' dir='ltr'>Cervario</span> <span class='ocrx_word' id='word_1_200' title='bbox 597 3311 728 3376; x_wconf 81' lang='lat' dir='ltr'>Proculo,</span> <span class='ocrx_word' id='word_1_201' title='bbox 747 3310 864 3382; x_wconf 84' lang='lat' dir='ltr'>Equite,</span> <span class='ocrx_word' id='word_1_202' title='bbox 878 3313 914 3366; x_wconf 88' lang='lat' dir='ltr'>ad</span> <span class='ocrx_word' id='word_1_203' title='bbox 926 3306 1152 3367; x_wconf 82' lang='lat' dir='ltr'>convincendum</span> 
     </span>
     <span class='ocr_line' id='line_1_31' title="bbox 300 3397 1152 3483; baseline -0.025 -8"><span class='ocrx_word' id='word_1_204' title='bbox 300 3435 366 3475; x_wconf 88' lang='lat' dir='ltr'>enm</span> <span class='ocrx_word' id='word_1_205' title='bbox 380 3410 519 3476; x_wconf 84' lang='lat' dir='ltr'>connieis,</span> <span class='ocrx_word' id='word_1_206' title='bbox 532 3411 609 3467; x_wconf 83' lang='lat' dir='ltr'>iussu</span> <span class='ocrx_word' id='word_1_207' title='bbox 632 3408 818 3483; x_wconf 82' lang='lat' dir='ltr'>Imperatoris</span> <span class='ocrx_word' id='word_1_208' title='bbox 832 3424 850 3463; x_wconf 86' lang='lat' dir='ltr'>a</span> <span class='ocrx_word' id='word_1_209' title='bbox 874 3409 977 3465; x_wconf 81' lang='lat' dir='ltr'>Cassio</span> <span class='ocrx_word' id='word_1_210' title='bbox 997 3407 1095 3469; x_wconf 79' lang='lat' dir='ltr'>milite,</span> <span class='ocrx_word' id='word_1_211' title='bbox 1108 3397 1152 3473; x_wconf 93' lang='lat' dir='ltr'>qui</span> 
     </span>
    </p>
   </div>
   <div class='ocr_carea' id='block_1_5' title="bbox 299 3548 1154 3737">
    <p class='ocr_par' dir='ltr' id='par_1_5' title="bbox 299 3548 1154 3737">
     <span class='ocr_line' id='line_1_32' title="bbox 328 3548 1151 3623; baseline -0.018 -11"><span class='ocrx_word' id='word_1_212' title='bbox 328 3565 380 3612; x_wconf 82' lang='lat' dir='ltr'>Jsai</span> <span class='ocrx_word' id='word_1_213' title='bbox 390 3564 533 3623; x_wconf 39' lang='lat' dir='ltr'>libramini,</span> <span class='ocrx_word' id='word_1_214' title='bbox 555 3562 609 3609; x_wconf 86' lang='lat' dir='ltr'>Mos</span> <span class='ocrx_word' id='word_1_215' title='bbox 618 3567 668 3608; x_wconf 88' lang='lat' dir='ltr'>erat</span> <span class='ocrx_word' id='word_1_216' title='bbox 677 3560 773 3622; x_wconf 88' lang='lat' dir='ltr'>antiquis</span> <span class='ocrx_word' id='word_1_217' title='bbox 783 3560 886 3611; x_wconf 86' lang='lat' dir='ltr'>soiennir,</span> <span class='ocrx_word' id='word_1_218' title='bbox 897 3567 921 3606; x_wconf 91' lang='lat' dir='ltr'>ut</span> <span class='ocrx_word' id='word_1_219' title='bbox 936 3559 1038 3606; x_wconf 74' lang='lat' dir='ltr'>convivia</span> <span class='ocrx_word' id='word_1_220' title='bbox 1050 3548 1151 3619; x_wconf 74' lang='lat' dir='ltr'>libationi-</span> 
     </span>
     <span class='ocr_line' id='line_1_33' title="bbox 299 3611 1154 3681; baseline -0.006 -12"><span class='ocrx_word' id='word_1_221' title='bbox 299 3623 341 3670; x_wconf 85' lang='lat' dir='ltr'>bus</span> <span class='ocrx_word' id='word_1_222' title='bbox 350 3623 442 3667; x_wconf 83' lang='lat' dir='ltr'>tinirent.</span> <span class='ocrx_word' id='word_1_223' title='bbox 474 3623 557 3667; x_wconf 79' lang='lat' dir='ltr'>Seneca</span> <span class='ocrx_word' id='word_1_224' title='bbox 573 3622 609 3665; x_wconf 86' lang='lat' dir='ltr'>bie</span> <span class='ocrx_word' id='word_1_225' title='bbox 624 3623 739 3677; x_wconf 72' lang='lat' dir='ltr'>eleganter</span> <span class='ocrx_word' id='word_1_226' title='bbox 754 3619 815 3678; x_wconf 76' lang='lat' dir='ltr'>iovi,</span> <span class='ocrx_word' id='word_1_227' title='bbox 824 3620 887 3681; x_wconf 75' lang='lat' dir='ltr'>quasi</span> <span class='ocrx_word' id='word_1_228' title='bbox 901 3618 974 3681; x_wconf 74' lang='lat' dir='ltr'>epufis</span> <span class='ocrx_word' id='word_1_229' title='bbox 988 3620 1036 3679; x_wconf 76' lang='lat' dir='ltr'>jan</span> <span class='ocrx_word' id='word_1_230' title='bbox 1045 3611 1154 3664; x_wconf 61' lang='lat' dir='ltr'>amma,</span> 
     </span>
     <span class='ocr_line' id='line_1_34' title="bbox 299 3678 749 3737; baseline -0.011 -7"><span class='ocrx_word' id='word_1_231' title='bbox 299 3682 329 3730; x_wconf 84' lang='lat' dir='ltr'>ab</span> <span class='ocrx_word' id='word_1_232' title='bbox 343 3680 454 3728; x_wconf 80' lang='lat' dir='ltr'>aerumnis</span> <span class='ocrx_word' id='word_1_233' title='bbox 462 3681 524 3726; x_wconf 81' lang='lat' dir='ltr'>vitae</span> <span class='ocrx_word' id='word_1_234' title='bbox 533 3678 669 3737; x_wconf 68' lang='lat' dir='ltr'>liberatori,</span> <span class='ocrx_word' id='word_1_235' title='bbox 684 3679 749 3726; x_wconf 85' lang='lat' dir='ltr'>libat.</span> 
     </span>
    </p>
   </div>
   <div class='ocr_carea' id='block_1_6' title="bbox 0 0 1260 4292">
    <p class='ocr_par' dir='ltr' id='par_1_6' title="bbox 0 0 1260 4292">
     <span class='ocr_line' id='line_1_35' title="bbox 0 0 1260 4292; baseline 0 4"><span class='ocrx_word' id='word_1_236' title='bbox 0 0 1260 4292; x_wconf 95' lang='lat' dir='ltr'> </span> 
     </span>
    </p>
   </div>
  </div>
 </body>
</html>
