2509 4292
276 252 347 323 ³82
577 270 831 331 rsrsroaruavu
996 281 1029 326 a.
1044 278 1075 325 v.
1090 279 1142 326 aas.

272 426 534 502 dulchinensem,
553 434 586 487 ut
612 428 698 503 primi
725 431 855 502 posuisse
884 431 994 489 bellum
1010 430 1144 488 videren-

273 534 327 597 tnr,
346 526 379 584 in
404 526 552 597 civitates,
579 546 653 603 quae
685 528 856 586 societatem
891 529 1051 586 Romanam
1077 547 1140 586 non

274 631 425 691 exuerant,
458 626 648 702 perfugerant.
698 628 845 701 Legiones
872 627 1038 701 asNovesio
1062 628 1143 687 Bon·

275 742 370 803 naque
389 724 419 781 in
444 724 602 792 Treveros,
617 733 748 797 utsupra
774 726 1009 795 memoravimus,
1029 729 1143 784 traduc·

276 827 333 888 tae,
353 840 385 880 se
405 822 485 896 ipsae
505 823 535 879 in
564 825 654 880 verba
679 822 856 897 Vespasiani
877 825 1006 898 adigunt.
1058 826 1144 883 Haec

276 921 438 978 Valentino
450 924 571 979 absente
583 927 685 994 gesta:
706 923 755 996 qui
770 923 819 979 ubi
841 924 1022 980 adventabat
1035 923 1144 994 turena,

275 1026 436 1093 cunctaque
463 1037 557 1076 rursus
581 1020 613 1077 in
628 1022 725 1077 turbas
746 1027 777 1077 et
791 1021 914 1078 exitium
938 1039 1143 1089 conversurus,

275 1117 403 1191 legiones
427 1117 459 1174 in
485 1117 733 1186 Mediomatricos,
759 1120 869 1177 sociam
896 1120 1059 1187 civitatem,
1079 1122 1146 1177 abs·
1240 1164 1241 1169 κ

274 1238 397 1279 cessere.
440 1220 617 1277 Valentinus
644 1238 680 1278 ac
709 1222 805 1278 Tutor
825 1223 856 1279 in
880 1228 963 1279 'arma
991 1222 1143 1304 Treveros

274 1320 441 1377 retrabunt:
469 1319 576 1376 occisis
603 1320 754 1377 Herennio
782 1338 817 1378 ac
842 1320 987 1388 Numisio,
1012 1321 1147 1394 Legatis,

274 1435 330 1492 quo
351 1417 462 1475 minore
489 1436 540 1491 spe
555 1417 662 1475 veniae
675 1425 824 1477 cresceret
838 1420 988 1477 vinculum
1010 1419 1144 1476 sceleris.

224 1500 260 1561 7¹
276 1517 335 1575 Hic
349 1517 419 1574 betti
434 1522 524 1574 status
538 1524 609 1584 erat,
629 1535 695 1575 cum
724 1518 848 1575 Petilius
873 1516 996 1576 Cerialis
1022 1518 1148 1592 Magon·

276 1617 385 1675 tiacurn
401 1619 492 1675 veuit.
513 1617 584 1675 Eius
598 1617 727 1674 adventu
752 1622 869 1674 erectae
882 1635 958 1690 spes.
999 1617 1066 1688 lpse
1094 1633 1147 1688 pn·

276 1734 352 1791 gnae
373 1717 486 1782 avidus,
500 1723 530 1773 et
549 1715 781 1781 contemnendis,
802 1733 887 1789 quam
913 1715 1063 1782 cavendis,
1079 1716 1150 1771 bos·

247 1826 250 1833 ’
277 1814 352 1872 tibus
377 1814 488 1882 melior,
502 1813 610 1871 ferocia
625 1815 778 1871 verborum
803 1813 926 1871 mititem
946 1814 1145 1870 incendebat:

276 1912 325 1970 ubi
348 1914 470 1986 primum
489 1912 628 1985 congredi
651 1912 791 1980 licuisset,
814 1914 925 1968 nullam
947 1911 1057 1983 proelio
1084 1929 1149 1968 mo·

278 2030 339 2071 ram
353 2012 486 2070 tacturus.
509 2013 651 2069 Deiectus
673 2029 725 2084 per
738 2009 868 2067 Galliam
888 2010 1002 2066 babitus
1016 2009 1056 2079 in
1069 2009 1150 2067 civi·

278 2116 353 2168 tates
367 2110 497 2178 remittit,
517 2127 553 2166 ac
578 2109 711 2166 nuntiare
735 2108 824 2173 iubet,
838 2108 988 2166 ‘sufficere
1005 2108 1147 2181 *Imperio

278 2211 435 2285 ‘legiones⁰
447 2210 519 2268 socii
532 2211 569 2266 ad
591 2208 690 2266 munia
713 2208 794 2279 pacis
816 2207 953 2274 redirent,
965 2207 1069 2275 securi,
1082 2209 1149 2291 vel·

279 2315 287 2341 ‘
299 2316 330 2366 ut
339 2310 475 2368 conlecto
485 2311 570 2374 bello,
580 2308 657 2381 quod
666 2307 816 2363 Romanae
827 2324 929 2364 manus
937 2304 1147 2378 excepissent?

280 2409 375 2467 Auxit
402 2427 502 2467 eures
526 2407 677 2464 Gallorum
701 2406 890 2481 obsequium:
921 2423 998 2472 uam,
1013 2398 1147 2478 ,recepta

278 2507 440 2573 iuventute,
464 2507 577 2564 facilius
602 2505 707 2563 tributa
733 2507 905 2571 toleravere,
927 2503 1077 2576 proniores
1106 2504 1145 2560 ad

278 2604 383 2669 officia,
403 2607 478 2678 quod
492 2605 709 2676 spernebantur.
752 2604 794 2660 At
808 2601 916 2660 divitis
930 2607 960 2657 et
986 2600 1148 2670 Classicus,

279 2702 328 2758 ubi
345 2698 457 2778 pulsum
478 2699 620 2768 Tutorem,
640 2718 735 2758 caesor
763 2698 907 2766 Treveros,
933 2705 1032 2755 eorda
1060 2696 1149 2755 bosti-

279 2797 332 2856 bus
350 2816 486 2877 prospero
509 2816 660 2873 accepere,
687 2799 792 2872 trepidi
806 2815 842 2855 ae
866 2800 1061 2871 properantes,
1073 2797 1148 2855 dum

280 2900 423 2975 dispersas
445 2915 559 2956 suorum
586 2900 686 2972 copias
706 2899 883 2962 conducunt,
904 2896 1012 2952 crebris
1026 2896 1149 2955 interim

281 2999 391 3060 nuntiis
418 2997 610 3055 Valentinum
637 3014 783 3063 monuere,
802 3013 836 3052 ae
864 3011 988 3051 sumum
1008 2993 1051 3051 rcr'
1071 2993 1151 3071 peri·

283 3097 375 3157 cutum
391 3097 510 3176 fuceret.
551 3096 596 3153 Eo
616 3093 742 3168 rapidius
763 3093 896 3159 Cerialis,
916 3093 1011 3150 missis
1023 3093 1056 3150 in
1082 3093 1150 3152 Me·

282 3197 475 3262 diomatricos,
494 3195 544 3267 qui
567 3195 700 3252 breviore
724 3193 829 3252 itinere
844 3190 973 3265 legiones
986 3192 1016 3247 in
1031 3192 1150 3251 bostem

283 3301 441 3360 verterent,
464 3299 614 3351 contracto
636 3293 711 3367 quod
734 3298 797 3348 erat
828 3289 952 3348 militnm
981 3288 1151 3365 Magontia·

283 3396 321 3467 ci,
342 3399 533 3469 quantumque
563 3409 661 3449 secum
687 3394 895 3456 transvexerat,
922 3387 1016 3444 tertiis
1043 3389 1150 3446 castris

282 3492 457 3565 Rigodulum
480 3491 579 3563 renit3
599 3507 685 3567 quem
706 3491 802 3547 locum
828 3502 933 3561 magna
947 3485 1151 3572 Treverorum
