2509 4292
140 400 173 449 a.
190 400 219 450 c.
236 405 275 449 aa
370 401 442 450 nra.
468 403 542 451 xlv.
594 405 674 452 ono.
703 383 761 453 58.
780 382 839 453 59.
976 389 1022 456 41

129 553 243 622 famae,
257 555 441 613 credentium
461 557 524 614 olio
545 559 736 633 augebantur.
780 550 919 617 Ceterum
933 557 1020 618 liber·

133 657 183 709 tus
207 650 306 715 Plauti
329 654 484 712 celeritate
509 662 664 713 ventorum
684 658 839 730 praevenit
865 656 1020 717 Centurio·

132 771 219 819 nem,
253 758 284 809 el
318 755 457 811 mandata
497 755 534 813 L.
572 754 705 823 Antistii,
745 756 852 823 soceri,
892 756 1018 814 adtulit:

131 853 297 927 ‘effugeret
309 870 432 926 segnem
447 858 579 919 mortem,
592 852 702 910 otium:
724 849 880 929 suffugium
894 859 924 911 et
941 871 1018 929 mag·

132 951 188 1008 ‘ni
204 951 331 1008 nominis
345 951 534 1010 miseratione
549 958 728 1026 reperturum
742 955 845 1018 bonos,
865 953 1017 1012 consocia·

131 1055 248 1109 ‘turum
276 1053 412 1109 audaces.
442 1054 554 1108 nullum
581 1051 700 1109 interim
724 1052 886 1110 subsidium
899 1055 1016 1124 adsper·
1044 1080 1049 1085 ·

128 1152 290 1209 ‘nandum
305 1151 330 1206 si
344 1151 500 1224 sexaginta
515 1149 623 1207 milites
637 1147 693 1226 (tot
707 1150 788 1208 enim
799 1149 1014 1228 adveniebant)
1078 1210 1081 1214 .

102 1306 105 1311 ,
131 1250 349 1324 ‘propulisset3
383 1250 453 1306 dum
487 1249 608 1306 retertur
641 1248 759 1306 nuntius
792 1246 912 1318 Neroni,
942 1252 1013 1308 dum

135 1355 264 1406 ‘manus
279 1348 338 1405 alin
352 1353 491 1422 permeat,
499 1348 596 1407 multa
611 1353 756 1414 secutura,
777 1365 850 1422 quae
870 1349 1011 1425 adusque

130 1449 243 1505 bellum
254 1450 469 1505 evalescerent.
481 1446 608 1520 denique
622 1451 673 1503 aut
688 1447 815 1504 salutem
825 1447 877 1504 tali
886 1447 1012 1506 coneilio

129 1551 263 1626 ‘quaeri
285 1555 335 1607 aut
360 1549 434 1607 nibil
462 1550 581 1624 gravius
609 1548 740 1615 audenti,
768 1566 854 1624 quam
890 1550 1011 1625 ignem,

131 1650 330 1724 ‘patiendum
352 1646 439 1706 esse!
480 1649 541 1706 Sed
566 1648 703 1706 Plautum
730 1667 766 1707 ea
793 1667 852 1707 non
879 1658 1063 1719 moverem

129 1747 199 1808 siue
224 1750 336 1805 nullam
355 1764 442 1820 opem
465 1747 639 1821 providebat
663 1747 783 1806 inermis
805 1754 892 1825 atque
914 1751 1010 1818 exsul,

131 1866 184 1906 seu
200 1847 301 1904 taedio
313 1847 469 1921 ambiguae
483 1846 555 1920 spel,
575 1864 613 1904 an
628 1864 727 1905 amore
748 1847 882 1923 coniugis
896 1853 925 1905 et
939 1847 1011 1906 libo·

132 1964 239 2012 rorum,
279 1944 383 2020 quibus
417 1945 637 2018 placabiliorem
664 1947 725 2003 tore
764 1945 934 2016 Principem
967 1964 1010 2004 re·

133 2047 228 2113 batur,
243 2047 325 2103 nulla
348 2043 549 2115 sollicitudine
562 2047 717 2102 turbatum.
759 2045 845 2112 Sunt,
858 2044 907 2119 qui
918 2044 1009 2103 ‘alios

133 2150 168 2203 ‘a
188 2162 293 2202 socero
318 2143 435 2203 nuutios
461 2141 588 2202 venisse‘
610 2143 716 2208 lerant,
740 2148 911 2218 ‘tamquam
933 2144 1008 2202 nihil

124 2251 140 2278 '‘
151 2250 236 2302 atrox
250 2243 429 2312 inminerel3
450 2243 642 2317 doctoresque
657 2239 829 2312 sapientiae,
844 2240 1008 2301 Coeranum

130 2342 273 2409 *Graeci
309 2340 477 2399 Musonium
518 2340 614 2399 Tusci
649 2339 777 2415 generis,
811 2341 1008 2400 constantiam

129 2440 348 2519 ‘opperiendae
374 2440 487 2509 mortis,
515 2457 567 2514 pro
594 2439 709 2499 incerta
736 2424 767 2497 et
793 2439 906 2514 trepida
935 2440 1006 2510 vita,

129 2536 297 2598 ‘suasisse’
347 2538 491 2611 Repertus
515 2544 561 2596 est
587 2544 679 2605 certe,
706 2556 758 2612 per
783 2538 911 2597 medium
936 2539 1007 2610 diei,

127 2642 224 2699 nudus
249 2639 443 2696 exercitando
474 2637 596 2712 corpori.
639 2636 748 2699 'Palem
772 2656 839 2697 eum
865 2639 1007 2698 Centurio

129 2737 304 2807 trucidavit,
329 2754 428 2795 coram
463 2736 623 2811 Pelagone,
647 2738 786 2809 spadone,
812 2754 898 2813 quem
926 2739 1008 2798 Nero

132 2836 308 2897 centurioni
323 2841 355 2894 et
369 2836 529 2910 manipulo,
542 2835 624 2911 quasi
648 2835 822 2894 satellitibus
843 2836 1006 2896 ministrum

129 2938 268 3011 Regium,
296 2939 511 3009 praeposuerat.
563 2935 660 3008 Caput
686 2934 837 2993 interlecti
864 2938 1005 2994 relatum:

131 3037 215 3095 cuius
226 3031 463 3109 adspectu‚(ipsa
475 3032 621 3106 Principis
637 3034 726 3091 verba
741 3030 877 3111 aeleram)
890 3042 898 3066 ‘
909 3031 1008 3105 Quin‚’

130 3134 235 3210 inquit,
262 3134 375 3201 ‘Nera
388 3133 521 3205 deposito
540 3138 629 3200 melu,
644 3132 759 3205 nuptias
783 3132 947 3205 Poppaeae,
967 3133 1005 3190 ob

130 3233 291 3291 ‘eiusmodi
306 3238 429 3289 terrores
443 3231 558 3300 dilatas,
573 3238 716 3289 maturare
730 3234 822 3302 paral,
834 3229 1004 3288 Octaviam·
1077 3213 1082 3217 ²

130 3339 209 3407 ‘que
229 3331 388 3405 coniugem
408 3330 539 3400 amoliri3
560 3329 694 3406 quamvis
719 3328 850 3385 modeste
876 3333 953 3402 agat,
973 3336 1005 3388 et

131 3431 272 3489 ‘nomine
286 3430 389 3505 patris,
402 3435 432 3488 et
454 3429 556 3487 studiis
573 3427 673 3502 populi
700 3443 820 3501 gravem
832 3423 865 3484 ?'
886 3428 945 3485 Sed
966 3431 1003 3488 ad

130 3530 272 3588 Senatum
288 3516 414 3588 ‘litteras
437 3527 527 3599 misit,
554 3528 592 3584 de
619 3526 712 3586 caede
734 3524 834 3586 Sullae
849 3526 1002 3605 Plautique

168 3644 235 3688 von.
257 3647 294 3688 rr.
545 3622 591 3683 t*
