2509 4292
120 380 235 437 ΑΜ.
336 390 406 439 urs.
431 390 503 441 xrs.
553 392 633 441 cnr.
660 374 827 443 31.-33.
926 376 976 444 25

119 545 193 601 nulls
217 545 311 618 nalum
333 562 446 612 conns,
469 547 620 620 delapsum
644 550 839 606 Camuloduni
862 548 977 608 simuls-

119 657 193 700 crum
207 643 367 713 Victoriae,
389 663 426 703 no
450 654 526 704 retro
548 663 736 710 conversum,
758 648 842 723 quusi
859 649 979 707 cederet

119 740 248 799 hostibus.
290 743 329 800 Et
342 744 468 801 lemicae
483 745 513 802 in
528 746 654 802 furorem
669 751 811 811 turbatae,
819 744 916 803 adsere
923 744 978 803 eri·

119 838 189 909 nrm,
220 848 375 903 canebant.
430 842 634 920 Externosque
668 845 798 902 fremitus
832 846 863 903 in
897 845 979 904 curis

119 958 207 999 eorum
238 944 370 1011 auditos3
404 944 595 1000 consonuisse
627 945 783 1001 ululatibus
823 946 978 1013 theutrum,

118 1038 256 1117 risumque
286 1042 418 1116 speciem
437 1044 471 1100 iu
492 1040 636 1099 oestusrio
657 1043 805 1100 Tamesae
819 1046 978 1101 subversae

117 1141 256 1210 colonise3
290 1143 351 1198 iam
379 1141 533 1198 Oceanum
559 1146 682 1197 cruento
708 1142 870 1214 sdsnectu3
905 1145 978 1202 dils-

116 1234 195 1295 beute
214 1251 306 1306 sesto,
325 1241 518 1296 humanorum
539 1255 693 1310 corporum
716 1241 827 1312 effigies
849 1241 978 1310 relictus,

115 1339 143 1391 ut
162 1337 292 1394 Britanni
316 1339 353 1393 sd
381 1355 472 1410 spem,
486 1337 528 1394 ita
543 1338 675 1394 veterani
691 1339 728 1395 sd
752 1345 860 1397 metum
884 1342 978 1397 trube·

31 1434 32 1447 ²
117 1433 187 1490 bont.
228 1437 299 1497 Sed,
313 1435 382 1510 quia
396 1437 494 1509 procul
511 1435 668 1493 Suetonius
683 1438 791 1504 uberet,
806 1438 938 1511 petivere
958 1455 978 1497 s

31 1528 32 1533 ’
116 1528 183 1590 liuto
210 1534 357 1600 Deciano,
384 1533 583 1600 Procuratore‚
617 1535 769 1591 auxilium.
811 1536 866 1592 llle
900 1537 977 1595 hund

114 1632 233 1704 emplius,
267 1649 358 1707 quam
395 1633 547 1697 ducentos,
580 1632 645 1688 sine
679 1632 761 1690 iustis
795 1635 891 1702 ermis,
925 1635 977 1693 mi·

114 1728 163 1787 sit:
181 1737 209 1788 et
222 1733 320 1789 inerat
344 1730 459 1787 modica
484 1732 607 1787 militum
629 1749 740 1788 munus.
782 1733 890 1791 Tutela
906 1742 977 1792 tem·

112 1828 149 1902 pli
174 1828 247 1896 ireti,
275 1837 306 1887 et
335 1829 563 1901 inpedientibus,
580 1829 639 1903 ·qui
665 1832 782 1888 occulte
808 1832 976 1890 rebellionis

32 1922 33 1927 ’
114 1929 224 1991 conscii,
238 1928 367 1986 consiliu
382 1928 545 1994 turbabunt,
569 1946 663 2001 neque
683 1929 788 1985 fossum
803 1939 851 1986 sut
867 1933 977 1988 vallum

114 2029 329 2107 praeduxerunt‚
344 2045 446 2102 neque,
460 2027 546 2084 motis
560 2027 678 2083 senibus
693 2033 723 2082 et
737 2027 862 2094 leminis,
876 2029 977 2089 iuven·

114 2120 154 2181 tus
173 2130 231 2183 sols
255 2125 382 2184 reetitit:
404 2124 486 2199 qussi
500 2124 597 2182 medis
622 2140 695 2196 poce
716 2124 836 2187 incauti,
851 2126 977 2183 multitu·

31 2294 35 2301 Ι
112 2221 174 2281 diue
198 2226 385 2283 barbarorum
419 2222 699 2280 circumveniuntur.
741 2222 780 2277 Et
799 2231 898 2278 cetera
918 2224 977 2297 qoi-

113 2320 173 2379 dem
185 2323 295 2397 impetu
316 2322 438 2395 direpte,
458 2327 508 2378 sut
526 2321 648 2378 incensa
671 2325 753 2397 sunt:
776 2323 924 2392 templum,
937 2309 977 2381 'io

112 2438 200 2495 quoue
212 2423 298 2480 miles
313 2423 552 2495 conglobaverat,
570 2419 658 2476 biduo
670 2422 818 2476 obsessum
829 2438 976 2494 expugno·

112 2523 229 2594 tumque.
282 2520 325 2578 Et
351 2519 448 2576 victor
474 2517 632 2575 Britannus
651 2517 759 2575 Petilio
781 2518 900 2585 Corioli,
922 2521 975 2579 Le·

110 2624 171 2691 gato
185 2619 310 2694 legionis
326 2635 430 2683 nonae,
444 2616 476 2674 in
490 2616 650 2673 subsidium
664 2617 837 2675 adventanti
858 2619 974 2688 obvius,

109 2715 173 2774 ludit
197 2719 355 2794 legionem,
369 2722 409 2782 et,
422 2716 498 2791 quod
513 2715 652 2789 peditum,
677 2715 833 2773 interiecit.
874 2717 975 2774 Ceria-

109 2814 141 2872 lis
166 2835 231 2874 cum
256 2816 402 2892 equilibus
430 2812 527 2871 evasit
549 2813 580 2872 iu
607 2819 704 2872 costra
730 2821 761 2871 et
785 2813 974 2874 monimentis

31 2938 33 2965 ι
109 2914 242 2993 defensus
250 2921 306 2971 est.
349 2914 415 2984 Qua
436 2913 531 2978 olsde,
545 2919 575 2968 et
589 2910 665 2968 odiis
688 2912 868 2985 provincius,
888 2928 975 2987 quam

31 3024 32 3031 ¹
110 3014 226 3071 svsritiu
243 3014 278 3071 in
291 2990 399 3069 bellum
419 3018 528 3085 egerat,
542 3011 671 3084 trepidus
696 3010 869 3068 Procurator
882 3010 974 3071 (istus

108 3109 136 3169 in
149 3113 278 3170 Gelliam
298 3110 420 3169 transiit.
461 3110 504 3168 At
530 3108 685 3166 Suetonius
711 3108 783 3165 mira
806 3104 1026 3166 coustantisild

134 3265 203 3318 Queri
211 3265 266 3326 ero]
282 3267 334 3311 Arc
339 3268 374 3310 est
382 3262 804 3319 monimentumtirmementurmsedes,
812 3276 972 3329 ιπιτιιχινμι,

109 3332 162 3379 ude
170 3335 193 3378 bt
202 3333 298 3393 impetus
308 3328 475 3377 dominantium.
496 3329 527 3375 Et
537 3328 594 3373 torte
600 3324 795 3386 respexithcitus
802 3328 831 3371 sd
840 3332 914 3373 locum
923 3330 971 3379 Cic.

108 3387 129 3435 iu
139 3390 209 3437 Pisoo.
220 3396 242 3438 b.
254 3391 361 3446 ternplum
370 3389 431 3434 illud
438 3387 492 3444 suit
501 3402 545 3433 orae
554 3387 638 3432 cisium
647 3383 793 3440 radimur,
806 3420 810 3427 .
823 3419 829 3430 .
859 3388 971 3449 rurtsltusn

100 3445 323 3508 snmdotmdnii.
355 3447 464 3493 Similiter
472 3447 528 3494 dixit
542 3444 601 3490 idem
616 3445 693 3502 aliquo
705 3442 756 3487 loco
772 3446 794 3489 in
810 3443 916 3491 Verriuis.
930 3462 971 3507 pro

107 3503 177 3613 ἓν.
196 3513 218 3556 7.
238 3507 304 3556 simili
327 3520 392 3555 seusu
410 3505 487 3554 Airita
505 3503 588 3552 dicitur
605 3517 650 3550 ors
670 3503 841 3560 mimisrunr
859 3506 968 3554 omnium.

143 3683 213 3727 ron
234 3685 266 3725 rr.
583 3663 603 3735 3,
