2509 4292
267 322 341 390 410
567 338 816 389 ursronrsnru
984 337 1060 386 nv.
1077 342 1130 393 mr.

265 500 325 552 tste
342 493 422 568 vulgi
438 493 562 566 expulsi,
583 498 728 566 resumpto
751 508 802 565 per
821 506 901 557 srmn
919 490 1129 560 dominatione,

264 594 345 668 luges
359 593 477 660 civium,
498 593 608 649 urbium
627 589 802 654 eversiones,
822 588 950 653 instrum,
964 589 1126 662 coniugum,

264 700 415 767 parentum
439 709 526 749 neces
547 691 661 764 elinque
687 689 771 744 solite
797 688 925 761 Regibus
940 692 1013 754 susi,
1033 706 1128 761 super·

265 790 414 849 olitionem
440 790 596 845 fovebunt:
618 787 686 860 quin
713 781 806 843 honor
826 787 1003 854 Sacerdorii,
1034 788 1129 845 firmu-

265 896 393 946 mentum
406 885 561 961 potentine,
576 885 789 941 mlsumehstur.

233 979 254 1038 9
304 986 498 1043 Romanorum
527 983 634 1056 primus
661 982 717 1040 Gn.
753 981 906 1053 Pompeius
927 981 1050 1038 ludaeos
1076 984 1128 1039 do·

264 1085 353 1142 muil:
373 1085 567 1156 templumque
581 1081 643 1137 iure
655 1080 796 1136 victorine
819 1081 962 1153 ingressus
975 1086 1026 1136 est
1047 1080 1124 1136 luds

266 1183 423 1255 uulgatum,
442 1178 610 1236 nullointns
631 1178 723 1235 Deum
743 1175 834 1254 effigie
857 1175 1080 1261 vehementiam,
1099 1182 1126 1232 ά

262 1276 360 1334 inania
386 1293 500 1334 monna.
562 1276 641 1335 Muri
669 1275 937 1348 Hierosolymorum
957 1275 1057 1340 diruti,
1075 1277 1125 1332 de·

262 1378 371 1434 luhrum
409 1374 525 1431 mansit.
587 1374 670 1441 Mox,
703 1373 787 1429 eivili
830 1373 905 1428 inter
946 1391 999 1430 nos
1038 1375 1126 1443 hello,

263 1478 413 1547 postquam
442 1472 474 1530 in
503 1471 644 1530 ditionem
666 1471 707 1530 Μ.
731 1471 855 1528 Antonii
870 1471 1039 1543 provinciae
1065 1489 1128 1529 ees-

264 1578 372 1638 serent,
416 1572 481 1630 Rex
516 1571 685 1627 Parthorum
706 1571 833 1625 Pacorus
870 1570 979 1625 ludeen
1007 1571 1128 1642 potitus,

262 1670 486 1743 interiectusque
531 1686 549 1725 s
589 1668 623 1725 Ρ.
658 1666 809 1733 Ventidio,
840 1671 870 1722 et
913 1667 1015 1724 Parthi
1047 1675 1127 1725 trsns

263 1768 430 1839 Euphraten
475 1765 602 1823 redneli:
638 1766 761 1822 ludneos
806 1765 842 1823 C.
872 1765 973 1822 Sosius
1004 1765 1128 1839 subegit.

261 1865 403 1938 Regnum,
427 1866 464 1921 ub
486 1863 615 1921 Antonio
631 1863 741 1920 Herodi
760 1865 867 1930 datum,
885 1862 985 1920 'vietor
1012 1867 1127 1939 Augus·

262 1968 306 2020 tus
328 1963 418 2019 nuxit.
474 1962 543 2018 Post
574 1968 694 2019 mortem
728 1962 862 2028 Herodis,
882 1963 954 2018 nihil
974 1970 1129 2034 exspectn-

261 2069 292 2120 to
306 2063 441 2127 Caesare,
469 2060 551 2117 Simo
570 2061 686 2133 quidem
701 2059 824 2133 Regium
846 2076 951 2116 nomen
965 2060 1127 2119 invaserat.

263 2161 292 2217 ls
316 2179 333 2217 s
355 2159 518 2232 Quinctilio
542 2158 633 2225 Varo,
657 2158 808 2214 obtinente
833 2159 957 2231 Syriam,
985 2159 1128 2230 punituss

261 2262 291 2315 et
310 2266 427 2332 gentem
446 2257 604 2313 noeroilsm
629 2255 711 2312 liberi
727 2256 851 2312 Herodis
874 2254 1017 2328 tripartito
1044 2276 1129 2315 rexe-

260 2373 300 2413 re.
342 2357 405 2414 Sub
432 2354 556 2412 Tiberio
579 2353 669 2428 quies.
690 2353 758 2409 dein
777 2353 884 2410 iussis
916 2355 952 2412 (i.
985 2355 1128 2425 Caesare,

259 2507 376 2579 inscriptos
386 2524 409 2555 s.
420 2523 437 2554 r.
449 2523 478 2554 ur
489 2512 510 2554 4.
521 2521 683 2555 sussurronrs
693 2485 774 2553 rsnsns
783 2506 821 2552 vel
828 2496 891 2560 zion,
900 2507 928 2552 de
937 2506 1014 2577 fluibus
1022 2507 1126 2577 omnium

258 2566 643 2683 ffizrfficffilpifflrmilllffiet.
653 2571 669 2611 t.
681 2569 702 2612 3.
713 2581 735 2627 1³.
747 2569 796 2611 tot.
828 2567 871 2613 Sed
886 2567 982 2624 Regnum
997 2581 1077 2612 nemen
1085 2569 1125 2614 lue

286 2700 391 2758 Dumnil]
421 2701 463 2745 Cn.
478 2701 596 2759 Pompeius
610 2716 670 2747 anno
685 2703 715 2748 U.
733 2703 760 2750 C.
776 2702 881 2759 Dcxcl,
897 2701 1073 2748 antechristum
1087 2704 1120 2747 63

258 2757 470 2813 Hierosolymsmce
486 2757 516 2801 it:
532 2772 573 2802 uec
588 2760 655 2803 modo
669 2761 783 2821 ternplum.
800 2763 838 2808 sed
854 2769 877 2807 et
893 2764 974 2807 Sancte
988 2761 1122 2806 Sanctorum

258 2819 366 2873 ingressus
375 2822 413 2861 est⁴
436 2815 457 2861 N
461 2772 501 2860 iiii
512 2829 567 2860 vero
576 2815 706 2863 divitiarum
717 2820 816 2873 abstulit,
827 2821 920 2876 glorine,
930 2833 996 2880 quam
1004 2819 1124 2878 peounise,

257 2874 362 2936 oupidior.
393 2873 515 2921 Tributurn
524 2881 600 2920 temen
610 2876 703 2922 ludaeis
712 2877 817 2938 imposuit
827 2879 952 2939 Pompeius.

287 2953 361 3000 Nullo
369 2953 432 3000 intus
442 2954 518 3000 Deum
528 2953 607 3017 effigie]
638 2954 766 3001 Verissime.
798 2957 830 3002 Et
845 2957 897 3002 inde
906 2957 1044 3003 manifestum
1055 2970 1127 3017 pene·

258 3014 311 3060 lrsli
322 3027 365 3059 non
375 3013 440 3059 luisse
449 3019 556 3058 sacratam
567 3013 622 3059 asini
632 3014 739 3071 effigiem,
755 3021 780 3060 ut
789 3015 872 3061 dietum
882 3020 916 3060 est
924 3030 998 3075 supm,
1008 3029 1058 3074 sup.
1069 3020 1092 3062 4.

288 3091 382 3151 Hmdi]
414 3090 524 3145 Herodes,
539 3091 610 3137 dietus
625 3098 702 3150 postea
718 3092 823 3150 Magnus,
840 3093 937 3139 amicitia
948 3099 971 3137 et
986 3093 1127 3140 auctoritate

257 3150 349 3199 Antonii
365 3149 435 3204 nimus,
445 3149 545 3195 Judaeae
562 3164 650 3207 regumn
670 3150 860 3197 senatusconsulto
877 3150 963 3212 occepit
980 3165 1040 3196 anno
1052 3152 1082 3197 U.
1094 3151 1126 3198 G.

258 3208 499 3267 ucrtxrmictoqne
512 3208 628 3264 Antigono,
640 3222 678 3253 rex
692 3208 772 3253 lterum
790 3210 929 3256 renunciatus
938 3214 972 3255 est
981 3224 1041 3254 sono
1053 3210 1082 3254 1¹,
1092 3210 1126 3257 (l.

256 3266 396 3315 DCCXVll.
427 3265 517 3325 loseph.
532 3266 606 3326 hntiq.
622 3266 674 3312 Jnd.
691 3265 756 3322 XlV,
770 3269 807 3314 26.
818 3270 854 3315 28.
886 3268 946 3315 Vide
956 3267 1127 3328 quoqueSlens·

256 3340 292 3373 mo
301 3324 419 3370 Herodunr
429 3323 493 3370 Tum.
507 3325 524 3369 l.
535 3339 586 3385 pag.
598 3328 650 3372 317.

287 3401 411 3457 renardo
427 3402 517 3461 neuere]
546 3403 677 3456 Archelaus,
695 3402 737 3448 tuit
755 3404 869 3448 tetmrehs
885 3403 987 3461 Jndeae3
1009 3402 1128 3463 Emodee,

255 3459 514 3577 mleseguffiilippm,
530 3460 619 3508 itureae
628 3467 652 3507 et
666 3461 838 3507 Tmehonitldis.
870 3462 921 3508 vid.
936 3461 1032 3508 mamm
1047 3461 1129 3509 Hero·

284 3593 347 3638 nen
356 3594 419 3648 sne,
430 3596 485 3655 ne]
516 3594 552 3641 ue
562 3609 607 3657 quo
619 3597 714 3658 regnu
728 3565 827 3646 sunna
840 3597 937 3657 regam
951 3597 981 3645 nr
994 3597 1086 3656 carun,
1097 3602 1127 3647 et

263 3650 448 3708 mterxlms.
478 3652 540 3701 sm
