2509 4292
96 362 131 408 a
148 358 177 406 n
194 304 269 405 ns
360 355 432 404 nra.
448 356 483 405 r.
532 357 610 406 rar.
644 341 675 405 t.
699 340 734 405 2.
895 339 968 409 399

93 515 212 568 enum·
225 510 399 585 'eum
419 515 591 584 passuraque
614 511 781 578 dmeraers,
805 511 882 569 baud
905 532 968 587 pro

94 611 149 667 onl
166 609 379 681 Hierosolymis
392 615 486 665 eastra
500 608 580 666 lauit.

142 709 215 773 Sed,
238 707 305 780 quis
328 708 455 763 fumosae
468 706 546 764 urbis
559 723 721 779 supremam
735 708 814 766 diam
835 709 965 767 tradituri
976 713 997 772 2

95 822 209 870 marus,
238 822 400 877 oongrnous
433 805 557 869 videtur,
585 805 739 877 primordia
762 807 825 864 eins
845 808 964 878 aperire.
1091 800 1092 805 ¹

93 909 104 937 ‘
118 903 255 969 tattaeus,
268 903 358 959 Creta
368 900 463 959 inusta
476 903 617 976 profugos.
628 904 786 962 novissim
795 905 909 979 Libyae
923 907 965 964 is·

95 999 254 1063 ‘sedium’
277 1005 536 1073 memorant‘qua
567 1006 741 1073 tempestate
761 1004 910 1070 Saturnus,
933 1004 966 1061 vi

95 1106 105 1136 ⁶
118 1099 205 1159 lovis
220 1099 328 1171 pulsus,
341 1098 461 1155 oeasuit
475 1098 570 1171 regnis
582 1097 599 1153 :’
618 1095 832 1175 (argumentum
844 1119 862 1158 e
875 1101 965 1159 nomi

95 1216 138 1257 ne
149 1195 275 1270 petitur:
290 1196 454 1270 ‘inelytum
466 1195 497 1253 iu
510 1197 596 1253 creta
608 1199 691 1254 ldam
702 1206 839 1262 montem,
846 1200 964 1256 adsolss

97 1297 242 1362 ‘Idaeos;
264 1300 350 1350 auoto
360 1294 390 1351 iu
404 1296 554 1350 barbarum
563 1303 766 1367 cognomento,
778 1296 902 1353 ludaeos
915 1313 964 1355 vo

97 1390 243 1468 ‘uitari:')
262 1392 388 1466 nubtam,
402 1398 409 1423 ‘
421 1397 561 1463 regnante
583 1394 672 1457 iside,
694 1395 893 1452 exundante·
914 1412 965 1467 per

96 1493 292 1563 ‘Aegyptum
314 1489 536 1553 multitudinem,
561 1490 682 1545 ducibus
705 1490 911 1564 Hierosolymo
928 1510 963 1550 ao

96 1590 202 1656 ‘luda
234 1587 380 1659 proximas
413 1586 444 1642 in
466 1594 554 1645 tems
578 1586 792 1643 exoneratam?
826 1590 964 1662 plerique,

94 1692 103 1720 ‘
120 1686 299 1756 Aethiopum
315 1688 433 1757 prolem,
452 1702 522 1759 quos
537 1685 616 1756 Rege
632 1685 754 1757 Cepheo
767 1693 859 1742 metus
877 1693 963 1761 atqua

20 1857 23 1862 Ι
95 1784 218 1841 ‘odium
230 1790 340 1839 mutare
352 1784 436 1838 sedes
456 1781 632 1855 perpulerit!
673 1784 755 1852 Sunt,
777 1785 826 1857 qui
840 1787 963 1852 trudant,

96 1887 107 1918 ⁴
123 1882 265 1954 Assyrios
276 1897 438 1945 oonvenas,
450 1880 580 1954 indigum
600 1899 731 1954 agrorum
745 1885 888 1955 populum,
902 1901 963 1957 par·

95 1986 145 2036 ‘te
163 1979 293 2051 Aegypti
308 1977 422 2050 potitos,
437 1994 504 2034 mou
517 1979 646 2050 proprias
659 1981 743 2036 urbes
758 1981 962 2054 Hebraeasque

97 2083 210 2133 ‘terras
237 2081 267 2131 et
288 2074 419 2148 propiora
454 2075 560 2149 Syriae
591 2077 719 2132 noluisse
740 2076 823 2134 rura.’
890 2079 963 2146 Alii,

93 2176 288 2233 ‘ludaeorum
298 2173 392 2238 initia,
409 2174 554 2247 Solymos,
568 2173 746 2233 carminibus
756 2174 877 2231 Homeri
887 2177 963 2232 nais·

128 2327 281 2386 Castrusurr't]
312 2326 409 2372 l’rimurn
418 2331 490 2372 eastra
499 2327 550 2373 tecit
567 2328 589 2373 in
599 2327 715 2386 Spinarum
725 2327 792 2380 valle,
807 2341 876 2388 prope
891 2327 962 2377 riuum

96 2385 264 2440 (lobath-Saul,
287 2385 407 2430 distantem
429 2386 458 2430 ab
477 2385 641 2442 Hierosolymis
659 2386 749 2431 circiter
772 2385 844 2431 stadia
862 2386 961 2444 triginta

97 2445 212 2505 losepbua
222 2443 278 2489 Bell.
295 2443 340 2491 lud
360 2443 380 2489 V
398 2448 419 2490 2.
437 2458 496 2489 num.
509 2447 527 2492 l.
559 2445 594 2492 ua
604 2444 783 2506 propiuadeiude
797 2444 902 2490 admovit,

129 2522 262 2568 Primordiu
272 2521 320 2579 &aa
328 2522 422 2582 operire]
454 2522 546 2568 Tacitus
560 2522 657 2568 Judaieis
672 2521 827 2568 traditionibus
836 2536 907 2582 neque
917 2536 964 2568 ere

98 2581 173 2633 dulus,
199 2594 270 2640 neque
284 2580 370 2640 penitus
385 2581 518 2636 incredulus,
533 2581 612 2640 partim
628 2581 772 2632 Jrrdaeorunr,
788 2582 964 2683 prepetirnestero⁸

98 2654 147 2685 rum
163 2640 299 2697 Scriptorum
315 2638 452 2688 ememoria,
468 2653 524 2699 quae
539 2638 581 2684 sibi
596 2638 721 2699 probabilia
736 2638 786 2683 vide
816 2645 867 2683 ntur
877 2639 963 2696 selegit,

97 2704 122 2745 ut
132 2698 205 2755 geraris
214 2696 335 2757 primordia
350 2698 451 2799 aperiret.
486 2698 540 2743 lude
554 2712 608 2744 vera
625 2698 695 2753 falsis,
711 2697 771 2744 lalris
785 2697 844 2742 reris
857 2697 963 2753 admixta,

98 2771 156 2816 quae
175 2755 304 2813 singillatim
320 2769 361 2814 exp
372 2755 431 2800 ieare
445 2770 527 2815 operae
543 2756 637 2817 pretinm
652 2762 694 2812 est,
729 2757 771 2801 uod
790 2754 813 2801 iu
828 2755 854 2801 iis
869 2755 964 2816 plurima

99 2815 175 2860 adhuc
189 2815 276 2859 lateant
290 2815 419 2873 primaevae
435 2815 535 2861 veritatis
550 2823 686 2874 argumenta.
740 2819 781 2860 rot.

128 2891 261 2938 Prinmrdiu
272 2890 320 2937 eius
329 2892 423 2951 operire]
455 2892 487 2946 si.
498 2907 555 2953 quaa
564 2893 593 2938 da
602 2893 667 2938 rebus
678 2891 771 2938 Iudaicis
782 2892 852 2937 tradit
862 2892 963 2947 Tacitus,

98 2950 174 2997 omnia
188 2956 292 2995 exentera
306 2949 434 3005 diligentins
453 2950 568 3006 vellemus,
586 2951 682 3011 plurirna
699 2949 792 2994 dicenda
809 2952 888 2993 forent.
911 2950 963 2995 -Sed

96 3009 151 3056 istas
161 3007 324 3068 disputationes
334 3023 376 3053 non
386 3009 477 3068 capiunt
492 3016 566 3062 notae,
581 3009 604 3055 in
618 3009 695 3068 quibus
705 3007 798 3052 maxime
807 3011 928 3064 spectatur,
939 3013 964 3052 ut

98 3068 218 3114 emendata
237 3065 305 3111 verba
323 3066 374 3118 sint,
395 3072 419 3111 et
438 3067 575 3121 intelligatur
592 3082 666 3113 senms
685 3079 767 3110 eonrm.
801 3065 963 3122 Adspergemus

97 3130 175 3171 tamen
185 3125 280 3171 subinde
295 3125 386 3194 aliquid.
407 3125 444 3169 ubi
463 3141 517 3186 opus
535 3126 655 3171 videbitur.
687 3124 745 3170 Illud
764 3123 793 3167 ab
812 3122 877 3167 initio
885 3122 962 3167 mirari

97 3184 162 3238 libet,
172 3184 211 3243 qui
220 3183 353 3228 commiserit
369 3183 468 3240 Tacitus,
483 3190 507 3230 ut
522 3185 614 3244 Joseplri
633 3183 702 3229 libros
720 3197 763 3228 non
778 3180 910 3235 consuleret,
926 3180 963 3238 qui

96 3242 143 3288 illis
153 3241 291 3301 temporibus
305 3255 348 3286 non
358 3240 444 3287 obscuri
459 3248 523 3289 erant
539 3243 633 3297 Rornae,
648 3249 672 3287 et
687 3255 700 3287 e
713 3240 756 3287 seri
774 3240 858 3286 toribus
867 3239 964 3285 externis

129 3302 174 3348 tius
195 3300 301 3352 hauserit,
321 3313 386 3360 quam
409 3308 499 3346 auctore
522 3302 619 3348 ludaico.
651 3301 736 3347 Verum
755 3256 798 3344 ior
816 3312 904 3358 quoque
922 3312 964 3400 pro

120 3361 181 3405 acilo
195 3359 275 3413 dicam,
291 3372 334 3404 non
353 3358 427 3403 omnia
446 3374 496 3405 eum
516 3374 558 3419 pro
578 3360 644 3405 certis
658 3359 755 3412 tradere,
771 3358 810 3402 sed
824 3371 882 3416 qnae
897 3371 924 3400 vn
935 3370 964 3412 go

96 3419 247 3471 traderentur,
263 3417 285 3460 in
294 3416 447 3476 compendium
462 3425 573 3476 congesta,
589 3417 709 3463 lectoribus
725 3429 849 3476 proponere
859 3414 962 3459 voluisse.

97 3477 239 3522 batetotum
250 3475 307 3520 bnne
318 3476 390 3520 lorum
406 3485 521 3523 essemuua
536 3484 568 3522 est
584 3477 666 3523 Ctrrist.
679 3474 799 3523 ll'ormius,
814 3471 964 3539 incorruptis

97 3535 265 3596 Antiquitatum
285 3533 340 3579 Eur.
359 3535 418 3593 apud
437 3535 541 3580 Tauitum
564 3541 587 3579 et
611 3535 716 3580 Martini.
738 3529 964 3598 vestinum-Hammo

97 3596 160 3643 suaa
192 3594 255 3643 Ern.
287 3592 384 3652 Egregie
398 3592 466 3639 etiam
480 3594 523 3640 ista
538 3593 659 3640 illustravit
674 3590 796 3648 Broterius,
811 3595 836 3636 ut
850 3587 916 3634 rutra.
