2509 4292
282 327 356 396 208
589 345 839 395 rus'roaunvu
1006 348 1037 394 n.
1051 340 1136 394 uua

282 501 345 558 dies
372 499 483 574 impetu
511 500 613 574 magis,
640 517 725 575 quam
759 499 892 557 veterani
925 498 1075 557 exercitus
1104 514 1139 554 ar·
1209 480 1210 485 ἵ

283 599 371 666 tibus,
397 604 574 657 transactus:
602 598 694 671 aperti
719 598 885 673 incautique
907 615 1005 656 muros
1027 597 1138 663 subiere,

284 696 352 753 cibo
380 698 506 768 vinoque
534 714 716 770 praegraves.
766 696 801 753 ln
829 713 866 753 eo
891 695 1065 761 certamine,
1089 694 1140 766 pul·

284 795 458 855 cherrimum
477 795 683 867 amphitheatri
711 812 792 867 opus,
820 794 906 851 situm
933 800 1020 850 extra
1046 809 1139 858 muros,

284 895 493 969 conflagravit:
515 894 580 950 sive
594 895 631 950 ab
645 892 889 967 oppugnatoribus
905 893 1068 956 incensum,
1080 892 1139 947 dura

285 994 363 1051 laces
383 999 413 1049 et
431 992 552 1066 glandes
572 1008 607 1048 ac
628 990 769 1048 missilem
785 990 928 1064 ignomin
942 993 1075 1047 obsessos
1088 989 1138 1045 iac·

283 1094 414 1158 talantum
448 1090 512 1145 sive
546 1090 584 1145 ab
611 1089 747 1156 obsessis,
774 1090 842 1145 (lum
869 1094 978 1145 retorta
1006 1090 1137 1162 ingerunt.

285 1188 463 1258 lllunicipale
491 1188 604 1261 vulgus,
632 1205 752 1259 pronum
776 1188 814 1244 ad
838 1187 1030 1258 suspiciones,
1053 1184 1138 1242 lraude

283 1287 372 1342 inlata
392 1284 468 1357 ignis
489 1286 628 1342 alimenta
648 1285 774 1342 credidit
792 1303 811 1342 a
825 1286 997 1360 quibusdam
1012 1304 1028 1342 e
1043 1283 1137 1341 vicinis

281 1382 414 1450 coloniis,
428 1382 542 1441 invidia
566 1389 596 1440 et
613 1383 817 1450 aemulatione,
833 1385 906 1457 quod
923 1386 1006 1440 nulla
1019 1382 1049 1440 in
1063 1381 1138 1439 ltalia

283 1482 374 1537 moles
401 1486 461 1538 tam
489 1499 584 1554 capax
610 1482 693 1540 torel.
727 1499 898 1555 quocunque
933 1499 1006 1538 casu
1033 1477 1138 1545 accidit,

282 1581 350 1637 duur
374 1580 516 1637 atrociora
542 1572 751 1648 metuebahtur,
776 1580 806 1637 in
832 1579 893 1637 levi
914 1580 1063 1638 habiturn:
1086 1576 1139 1633 red·

282 1678 343 1738 dita
366 1680 530 1749 securitate,
555 1688 700 1754 tamquam
722 1679 795 1736 nihil
820 1679 939 1751 gravius
966 1679 1026 1752 pati
1045 1673 1137 1750 potuis

187 1762 189 1766 ⁸
283 1783 358 1846 sent,
384 1780 563 1836 moerebant.
615 1779 755 1837 Ceterum
781 1780 873 1835 multo
899 1794 1015 1835 suorum
1047 1788 1135 1832 eruore

281 1881 383 1948 pulsus
400 1877 549 1961 Caecina:
571 1879 601 1934 et
616 1895 676 1934 nox
690 1874 826 1949 parandis
841 1876 976 1950 operibus
989 1875 1134 1945 adsumpta.

282 1975 441 2035 Vitelliani
467 1980 578 2051 pluteos
602 1982 754 2051 cratesque
779 1980 809 2031 et
837 1975 941 2032 vineas
966 1967 1137 2032 suffodisndis

283 2076 381 2145 muris,
415 2075 657 2153 protegendisque
690 2067 956 2154 oppugnatoribusq
988 2066 1136 2156 Othoniani

279 2175 367 2229 suites
386 2179 417 2228 et
431 2173 577 2229 inmensas
600 2178 729 2246 lapidum
742 2188 778 2228 ac
803 2152 913 2244 plumbi
936 2170 1063 2244 aerisque
1084 2181 1135 2223 mo

282 2272 335 2337 les,
375 2270 586 2345 perfringendis
625 2270 836 2344 obruendisque
878 2270 1018 2336 hostibus,
1054 2283 1132 2339 expe·

281 2369 373 2426 diunt„
440 2370 594 2443 Vtrimque
621 2371 721 2442 pudor,
748 2368 889 2442 utrimque
916 2369 1017 2442 gloria,
1046 2371 1073 2422 et
1097 2361 1133 2418 rli·

282 2483 385 2522 versae
412 2467 639 2534 exhortationes,
667 2468 736 2525 binc
755 2465 905 2547 (legionum
931 2474 958 2524 et
987 2457 1132 2522 Gmuuaict'

281 2561 416 2618 eruatur
435 2563 531 2632 robur,
558 2566 626 2622 iude
651 2564 776 2622 urinum
798 2563 916 2622 ruilits'ue
939 2572 966 2624 et
986 2556 1130 2633 Praetoriu-

280 2677 344 2716 rum
364 2659 516 2718 cohortium
540 2662 621 2720 deors
639 2664 860 2723 adtollenlium:
881 2663 925 2721 illi
938 2671 970 2721 ur
989 2676 1089 2735 segnem
1101 2670 1131 2710 aa

281 2756 398 2815 desidem
411 2764 449 2816 ‘et
470 2759 543 2817 circo
569 2778 604 2818 uo
630 2760 747 2819 thaisis
771 2770 933 2840 consaeptum
956 2761 1079 2820 urilitrmr
1102 2752 1130 2809 hi

276 2856 457 2935 peregrinum
470 2864 494 2916 rt
508 2864 649 2916 emmaum
668 2861 869 2934 increpabant.
891 2862 976 2919 simul
997 2859 1128 2917 Othonem
1211 2840 1212 2881 ³

280 2975 316 3015 ao
341 2958 509 3027 Vitellium,
531 2961 715 3016 celebrantes
741 2962 942 3032 culpantesve,
966 2953 1128 3016 uberioribus

131 3078 135 3089 ·
227 3066 269 3123 22
280 3059 356 3114 inter
377 3075 408 3113 se
429 3058 537 3131 probris
552 3075 637 3131 quam
652 3058 783 3114 laurlibus
797 3038 1127 3131 stimulabantursslsix-
1211 3068 1212 3145 q

278 3157 347 3213 dum
366 3163 429 3214 orto
452 3157 509 3218 (lie.
534 3158 619 3229 plena
645 3157 900 3229 propugnatoribus
928 3146 1128 3214 moeniazlul·
1211 3150 1212 3173 ²

277 3261 380 3327 gentes
420 3256 507 3312 armis
542 3253 668 3327 virisque
701 3254 805 3327 campi,
835 3255 956 3312 densum
995 3250 1128 3325 legionum

278 3367 394 3426 agmen,
417 3371 515 3425 sparsa
539 3352 713 3409 auxiliorum
741 3370 852 3419 manus,
875 3352 977 3408 altiora
1001 3355 1129 3405 murorum

310 3504 512 3608 Vtrimglrrrwlur.
524 3507 636 3565 utrimque
648 3505 731 3567 gbm'fl]
762 3504 843 3552 (3¹⁰l'58
852 3508 886 3552 eti
895 3504 917 3552 h.
930 3505 945 3552 l.
958 3492 1126 3563 gloriaecupido,
1211 3558 1212 3567 ἵ

278 3563 371 3642 rrlyapud
403 3564 512 3610 ‘teronem
522 3579 565 3610 non
575 3579 619 3611 uno
629 3565 686 3611 loco.

1211 3710 1212 3749 l
