2509 4292
231 326 281 394 80
560 346 746 397 aaranrvsr
958 355 990 399 u.
1005 349 1036 399 v.
1051 351 1106 401 aaa.

230 499 346 559 mollius
358 502 469 558 relata:
488 502 681 576 detentusque
693 504 778 559 rebus
787 503 924 576 gerundis
937 505 1109 573 Suetonius,

231 602 307 676 quod
333 607 397 672 post
418 614 526 673 pasoas
547 618 640 658 naves
654 602 684 658 in
701 601 784 658 litore
799 603 1006 678 remigiumque
1022 605 1052 661 in
1067 604 1107 660 iis

199 702 202 707 ’
231 699 378 765 amiserat,
398 705 542 773 tamquam
566 701 688 757 durante
713 702 798 770 bellas,
821 699 931 758 tradere
956 700 1106 760 canadas»

232 797 367 858 Petronio
381 797 558 875 Turpiliano,
571 799 620 873 qui
634 801 695 857 iarn
708 801 869 858 Consulatu
883 802 1005 867 abierat,
1025 802 1106 860 iube·

233 903 286 956 tur.
317 899 347 955 ls
359 915 416 954 non
431 898 550 955 inritato
563 899 656 966 hoste,
670 916 764 973 neque
778 900 940 966 laomsitus,
951 902 1106 960 bonmtura

233 997 315 1070 panis
329 1012 435 1054 nomen
449 998 534 1070 segni
547 997 608 1054 otio
618 998 758 1070 inposuit.

181 1099 223 1159 40
272 1096 385 1152 Eadm
408 1112 486 1152 anno
510 1097 620 1153 Romae
640 1096 767 1169 insignia
779 1100 901 1164 seelera,
915 1101 1038 1155 altemm
1053 1098 1106 1156 Se

235 1192 352 1263 nataris,
366 1193 466 1251 servili
479 1197 602 1251 alterum
626 1194 758 1262 audaoia,
779 1196 906 1253 admissa
926 1203 1003 1254 sant.
1046 1198 1107 1254 Do·

235 1292 332 1350 mitius
354 1294 463 1351 Balbus
486 1300 547 1351 erst
570 1292 743 1361 Praetorius,
763 1295 848 1352 simui
872 1298 958 1370 longa
974 1302 1107 1364 seneuts,

236 1391 320 1449 simul
334 1392 458 1450 orbitate
471 1399 502 1449 et
521 1392 646 1465 peounis
670 1392 785 1451 insidiis
812 1395 965 1451 obnoxius.
987 1396 1015 1450 ei
1044 1410 1109 1467 pro·

235 1490 357 1572 pinquat
370 1492 507 1549 Valerius
517 1492 676 1558 Fabianus,
684 1492 874 1563 oapessendis
887 1493 1046 1549 honoribus
1057 1492 1107 1550 de
1126 1518 1128 1522 ·

236 1586 368 1657 stinstus,
381 1590 508 1647 subdidit
535 1596 750 1656 testamentum,
771 1590 891 1648 sdsoitis
910 1591 1035 1648 Vinicio
1048 1592 1106 1649 Ru·
1150 1626 1153 1629 -

236 1688 304 1754 tino,
318 1694 349 1744 et
364 1689 507 1745 'Ferentio
529 1690 668 1756 Lentino,
690 1687 844 1763 Equitibus
864 1689 1015 1746 Romanis.
1058 1688 1107 1747 lili

237 1785 402 1844 Antonium
426 1786 596 1843 Primumet
620 1787 757 1846 Asinium
780 1787 953 1845 Maroellam
976 1788 1108 1845 soniare·

236 1888 310 1941 rant.
352 1884 500 1942 Antonius
526 1886 649 1943 ardania
673 1896 837 1960 promptus:
861 1887 1018 1944 Marcellus
1042 1886 1108 1945 Asi·

236 1983 287 2042 nio
312 1982 445 2041 Pollione
469 1998 579 2058 proaro
591 1988 697 2051 clarus,
721 1992 814 2059 neque
836 1990 1107 2058 morum'sperneu·

235 2084 291 2141 dus
316 2085 486 2151 hebebatur,
514 2084 570 2142 nisi
594 2086 670 2158 qaod
698 2091 898 2158 paupertatem
923 2085 1111 2158 praeeipuam

238 2186 379 2242 malorum
399 2185 546 2243 credebat.
589 2184 681 2258 lgitur
695 2182 843 2241 Fabianus
855 2183 1023 2250 tabulariis,
1037 2196 1109 2256 quos

237 2282 408 2349 memoravi,
422 2289 453 2339 et
467 2284 533 2340 aliis
553 2282 649 2339 minas
669 2282 845 2352 inlustribus,
865 2282 1010 2356 obsignat.
1031 2281 1108 2356 quod

154 2442 156 2449 ¹
238 2381 313 2453 apud
335 2381 436 2437 Patres
455 2380 645 2437 convictum:
666 2386 696 2438 et
724 2381 872 2438 Fabianus
899 2379 1108 2454 Antoniusque,

203 2464 206 2471 ⁴
238 2496 305 2537 anm
327 2480 433 2536 Rufino
450 2485 480 2535 et
500 2478 656 2546 Terentio,
676 2481 742 2554 lege
763 2479 903 2536 Cornelia
923 2480 1108 2535 damnentur.

239 2577 412 2635 Marcellum
433 2578 572 2634 memoria
599 2577 747 2645 maiorum,
768 2583 798 2634 et
827 2593 929 2650 preces
961 2574 1108 2643 Caesaris,

186 2686 225 2745 41
239 2692 351 2749 poenae
367 2673 468 2746 magis,
488 2690 574 2749 quarn
585 2675 725 2732 infamiae
752 2692 898 2733 exemere.
938 2675 1108 2733 Perculitis

239 2774 301 2831 dias
316 2771 486 2843 Pompeium
499 2788 611 2847 quoque
628 2774 795 2837 Aelianum,
809 2773 946 2831 iuvenem
967 2775 1110 2846 Quaesto-

239 2872 323 2937 rium,
345 2876 490 2944 tamquam
509 2873 684 2946 flagitiorum
714 2872 839 2930 Fabiani
858 2888 1001 2946 gnarumr
1023 2872 1109 2947 eique

240 2971 328 3031 ltalia
342 2975 371 3027 et
387 2969 539 3043 Hispania,
553 2971 584 3027 in
598 2988 654 3043 qna
666 2978 745 3028 ortas
758 2975 829 3041 erat,
850 2971 1039 3034 interdictum
1052 2976 1108 3029 est.

241 3069 308 3129 Pari
329 3068 488 3144 ignominia
520 3067 659 3146 Valerius
690 3068 831 3126 Pontinus
857 3068 999 3136 adnuitur,
1032 3070 1111 3145 quod

272 3224 325 3270 Nisa·
343 3224 401 3282 quad
418 3221 584 3281 Paupertatem]
615 3221 689 3273 Quam
705 3222 763 3268 haer
781 3221 848 3291 digna
864 3222 973 3282 scriptore
983 3222 1111 3283 pnrdentis·

240 3284 311 3331 simo!
332 3282 399 3335 Vere,
410 3297 463 3326 vere
474 3285 566 3337 Seneca,
585 3280 627 3341 up.
648 3281 724 3328 XVll.
756 3281 795 3327 ‘Si
815 3296 848 3326 vn
868 3295 949 3327 vacare
966 3280 1049 3337 auimo,
1067 3285 1112 3328 sut

240 3346 341 3403 ‘pauper
350 3342 379 3387 sis
388 3346 485 3403 oportet,
496 3348 534 3387 aut
544 3339 636 3402 pauperi
646 3340 742 3386 similis)
772 3339 834 3386 Brat.

157 3414 163 3428 “
255 3418 329 3480 ΙΙιιςι
346 3418 450 3488 Cornelia
467 3419 613 3489 damnantur]
653 3419 679 3465 ld
698 3417 832 3488 ‘esthordiae
850 3417 967 3464 Senatorio
983 3421 1112 3486 morentur.

241 3478 428 3537 Nau1‚qaamrrs
447 3478 501 3535 legra
520 3477 640 3523 Cornelrae
656 3477 769 3524 ordinaria
792 3490 863 3537 poena
883 3477 1011 3536 deportatio
1028 3483 1066 3531 sat,
1087 3481 1112 3522 et

241 3535 348 3580 bonorum
359 3535 494 3593 publicatio:
512 3542 587 3580 tamen
605 3537 628 3581 in
646 3536 808 3586 honestioribus
822 3535 934 3584 submoue
947 3534 1016 3583 etism
1025 3534 1115 3583 ordinis

242 3593 340 3641 sdaaisaa
349 3598 391 3640 est.
423 3592 516 3643 Tacitus
525 3592 557 3641 Η.
568 3596 590 3652 2,
600 3597 637 3645 ss.
