2509 4292
105 348 134 396 s
152 346 241 395 cru
342 345 414 392 ars.
439 346 462 392 r.
514 346 593 394 cur.
623 325 788 396 17.-19.
906 332 973 399 141

106 501 251 559 ‘ambitu
280 503 357 558 mate
384 498 504 573 adquiri,
529 500 571 557 ita
599 518 653 573 per
691 476 786 560 bonas
803 506 879 560 artes
904 505 980 562 haud

104 597 348 672 ‘spernendum’
402 599 641 656 circumsteterat
683 600 801 657 interim
844 603 981 673 petatium

104 699 233 772 publica
280 698 472 770 exspectatio.
520 699 616 773 magni
662 698 770 755 secreti
817 698 981 770 inpatiens:

105 806 141 856 et
170 800 249 854 maie
276 796 435 854 coercitam
459 796 563 853 tamam
588 797 802 870 supprimentes
829 798 982 868 augebant.

109 898 260 969 Quartum
274 896 343 952 idus
359 895 516 958 lanuarias,
529 894 794 989 ioedunqimbribus
807 896 896 958 diem.
911 896 983 952 toni·
997 889 1035 947 18

108 1001 178 1053 trun
200 1002 230 1050 et
245 995 358 1068 fulgura
372 997 402 1050 et
426 995 568 1051 caelestes
588 995 685 1053 minae
704 997 778 1051 ultra
796 994 915 1052 solitum
929 1000 984 1052 tur·

106 1095 270 1152 baverant
321 1092 513 1149 Observatum
537 1091 567 1148 id
587 1093 745 1167 antiquitus
768 1094 896 1151 comitiis
916 1093 983 1151 diri·

108 1191 231 1250 mendis
252 1208 312 1247 non
339 1190 439 1246 terruit
467 1190 603 1257 Gutbem
629 1208 686 1264 quo
713 1191 807 1248 minus
833 1191 864 1250 in
888 1200 983 1250 castra

108 1294 260 1365 pergeret,
293 1293 525 1358 contemptorem
563 1289 673 1355 tatium,
717 1293 748 1345 ut
787 1289 981 1361 fortuitorum

109 1407 178 1452 seu,
210 1403 284 1461 quae
312 1386 372 1443 tato
399 1391 527 1453 manent,
558 1387 691 1460 quamvis
719 1387 893 1460 significata,
921 1406 981 1446 non

110 1480 256 1543 vitantur.
299 1485 386 1555 Apud
400 1483 579 1558 frequentem
592 1484 714 1541 militum
728 1486 910 1552 concionem,
924 1487 981 1544 lm·

108 1583 261 1660 peratoria
286 1581 441 1646 brevitate,
464 1583 595 1655 adoptari
626 1599 644 1639 a
670 1600 702 1639 se
730 1582 875 1649 Pisonem,
901 1600 981 1642 more

110 1683 152 1742 D.
170 1680 301 1755 Augusti
314 1685 344 1736 et
363 1682 499 1751 exempto
513 1680 640 1748 militari,
653 1698 710 1756 quo
732 1680 776 1738 eir
789 1680 882 1739 virum
904 1684 980 1756 tega-

110 1786 165 1849 ret,
180 1777 359 1853 pronuntiat.
401 1778 448 1843 Ae
463 1795 500 1835 ne
518 1777 697 1836 dissimulata
710 1779 815 1837 seditio
836 1781 867 1837 in
888 1780 980 1837 maius

111 1880 293 1942 crederetur,
315 1877 392 1933 ultro
409 1877 571 1944 adseverat,
584 1884 731 1951 ‘quartana
753 1883 782 1934 et
803 1879 979 1935 duodevice·

113 1976 240 2034 ‘simam
261 1975 402 2049 legiones,
424 1976 523 2048 paucis
545 1975 698 2033 seditionis
722 1979 896 2045 auctoribus,
920 1992 979 2034 non

113 2076 210 2131 ‘ultra
239 2076 328 2129 verba
355 2089 393 2129 ac
412 2090 500 2129 uoces
521 2090 642 2138 errasse,
664 2079 694 2129 et
721 2074 805 2128 breui
829 2075 861 2130 ia
884 2074 982 2131 officio

112 2172 215 2231 ‘iore’
256 2174 285 2230 N
288 2189 323 2228 ec
338 2174 426 2228 uitum
439 2172 564 2228 orationi
577 2176 627 2226 aut
646 2169 824 2227 tenocininns
838 2171 918 2228 addit
931 2160 981 2230 ant

111 2271 249 2344 pretium.
292 2269 418 2326 'l'ribnui
440 2276 539 2326 tumen
561 2267 809 2341 centurionesque
830 2272 860 2324 et
887 2269 980 2341 prosi·

114 2368 155 2425 mi
183 2367 309 2425 miiitum
335 2374 415 2441 grata
439 2366 539 2423 auditu
565 2365 759 2438 respondent:
790 2384 842 2438 per
867 2372 979 2424 ceteros

113 2464 265 2547 moestitia
278 2482 313 2521 ac
327 2465 483 2528 sitentium,
496 2469 640 2538 tamquam
662 2470 825 2535 usurpatam
845 2465 934 2522 etiam
948 2465 980 2523 in

113 2580 186 2636 poce
200 2562 336 2619 donativi
351 2561 556 2620 necessitatem
570 2563 647 2618 betto
661 2562 861 2635 perdidissent
902 2564 980 2622 Gou-
1091 2550 1096 2559 ’

112 2642 180 2727 stat}
225 2661 353 2732 potuisse
386 2659 539 2717 conciliari
575 2659 687 2717 animos
719 2663 978 2737 quantulacumque

112 2758 194 2831 parci
222 2756 300 2815 senis
337 2757 520 2815 iiberalitate.
548 2758 648 2815 nocuit
679 2759 813 2834 antiquus
844 2759 920 2834 rigor
946 2765 977 2817 et

26 2920 27 2923 Ἴ
113 2856 206 2913 nimia
230 2856 390 2924 severitas;
419 2855 468 2913 cui
490 2855 549 2913 ism
571 2873 654 2928 peres
676 2874 734 2914 nou
755 2875 861 2915 sumus.
902 2858 976 2915 inde
990 2840 1028 2926 [9

114 2955 188 3026 apud
210 2954 351 3010 Senatum
376 2970 435 3011 non
460 2953 603 3026 comptior
626 2953 751 3022 Galbae¹
773 2973 831 3018 non
856 2955 976 3028 iungitur,

113 3068 198 3125 quum
225 3053 301 3123 apud
323 3050 455 3118 mititem,
485 3068 594 3109 sermo:
617 3052 733 3110 Pisonis
758 3054 850 3110 comis
873 3051 975 3109 oratio.

113 3148 152 3206 Iit
175 3149 295 3210 Petrum
318 3147 401 3211 furor
427 3150 542 3220 aderat3
562 3149 644 3207 muiti
670 3152 819 3208 voluntate
844 3147 978 3220 effutiunt

112 3246 161 3321 qui
188 3249 351 3315 noluerant,
378 3247 490 3327 medie3
519 3264 556 3305 sc
583 3247 698 3320 plurimi
718 3249 808 3305 obvio
830 3248 976 3321 obsequio,

112 3345 240 3417 privatas
267 3362 334 3418 spes
360 3345 513 3420 agitantes,
538 3345 604 3402 sine
635 3343 752 3415 publica
777 3360 856 3406 cura.
910 3346 977 3405 Nec

114 3443 192 3499 atiud
204 3443 338 3517 sequenti
352 3443 502 3517 quatriduo
514 3441 604 3520 (quod
617 3440 744 3500 medium
767 3443 852 3501 intes*
867 3444 977 3515 adopti-

118 3555 201 3600 onem
220 3547 252 3605 et
274 3542 397 3605 caedem
417 3539 485 3624 tuit)
507 3542 650 3602 dictum·
674 3540 834 3641 Pisons'iu
860 3543 979 3622 pubiicc
