2509 4292
119 409 248 458 r.c.ro.
359 412 429 460 ms.
457 414 508 461 111.
551 414 631 461 car.
650 392 821 461 {ist-58.
920 395 989 460 301

113 584 188 624 vera
200 563 332 622 dicturis.
376 568 507 624 Arcuere
529 584 580 623 eos
594 566 692 623 intimi
723 566 881 623 amicorum
899 566 994 625 Vitel-

116 665 162 731 iii,
178 665 229 720 itu
254 663 384 724 formatis
408 665 555 738 Principis
582 666 709 731 auribus,
732 670 764 722 ut
787 682 898 738 aspere,
920 653 994 744 quae

114 762 212 829 utilia,
248 779 304 819 neo
335 763 500 836 quidquam,
529 764 585 820 uisi
605 763 765 821 iucundum
794 769 826 819 et
848 765 991 820 laesurum

114 860 277 933 acciperet.
319 862 379 917 Sed
393 862 518 919 classem
543 862 743 919 Misenensem
757 858 884 939 (tantum
898 861 993 919 civiti·
1005 855 1045 916 57

112 962 168 1017 bus
183 958 338 1015 discordiis
352 960 444 1017 etism
464 960 643 1033 singulorum
658 961 782 1018 audacia
796 958 893 1037 vaiet)
907 962 993 1019 Clau-

112 1058 183 1116 dius
199 1056 392 1125 Faventinus,
418 1058 569 1124 Centurio,
593 1077 643 1131 per
667 1059 858 1133 ignominiam
880 1076 898 1115 a
923 1060 993 1118 Gal·

98 1160 155 1216 *ba
183 1158 330 1227 dimissus,
357 1159 393 1215 ad
422 1158 619 1217 delectionem
648 1160 746 1230 traxit,
774 1162 850 1218 tictis
878 1162 991 1234 Vespa·

114 1257 195 1314 sisui
209 1257 342 1329 epistolis
357 1258 481 1329 pretium
509 1258 681 1330 proditionis
704 1266 865 1316 ostentans.
907 1260 992 1317 Prae

116 1362 181 1413 emt
195 1355 285 1411 classi
300 1355 440 1413 Claudius
455 1357 643 1429 Apollinaris,
655 1376 748 1431 neque
762 1359 829 1415 fidei
844 1366 991 1426 constans,

114 1472 213 1527 neque
226 1465 359 1510 strenuus
384 1454 414 1511 in
438 1437 567 1527 pertidia,
591 1463 621 1512 et
649 1457 775 1530 Apinius
800 1457 884 1523 Tiro,
908 1459 991 1515 Prae·

116 1558 184 1610 tura
210 1552 336 1619 luuctus,
363 1570 399 1610 ac
427 1559 487 1610 tum
516 1554 588 1611 torte
618 1555 775 1611 Minturnis
804 1574 903 1630 agens,
932 1558 992 1614 Du-

117 1667 187 1708 cern
208 1670 241 1707 se
263 1652 458 1708 delectoribus
479 1653 593 1709 obtulit.
613 1654 746 1723 aqtribus
774 1655 930 1728 municipia
944 1648 998 1712 co'

113 1748 272 1823 ioniaeque
287 1750 428 1820 inpulsae,
443 1752 600 1824 praecipuo
614 1752 841 1811 Puteolanorum
863 1754 892 1811 in
920 1756 992 1810 Ves-

114 1850 269 1923 pasianum
297 1849 402 1917 studia,
425 1855 529 1907 contra
557 1855 661 1925 Capua
692 1853 817 1910 Vitellio
846 1854 911 1921 fida,
932 1870 991 1910 mu·

114 1947 276 2019 nieipalem
301 1949 526 2006 aemulationem
549 1951 634 2008 bellis
656 1943 795 2008 civilibus
820 1952 990 2008 miscebant.

115 2046 260 2102 Vitellius
275 2046 430 2103 Claudiurn
446 2048 591 2105 lulianum
605 2047 643 2118 (is
659 2067 750 2119 nuper
763 2052 887 2105 classem
903 2050 990 2105 blise-

110 2162 238 2203 uensem
265 2145 344 2201 molli
374 2145 496 2216 imperio
522 2144 652 2223 rexerat)
679 2147 894 2220 permulcendis
916 2147 990 2204 miti-

116 2248 181 2300 tum
195 2243 301 2299 animis
326 2244 444 2317 delegit.
464 2246 532 2301 datu
547 2244 578 2301 in
593 2244 734 2302 auxilium
755 2246 863 2301 urbana
886 2247 989 2302 cohors

73 2389 75 2392 .
116 2348 148 2401 et
177 2341 364 2415 gladiatores,
386 2342 489 2416 quibus
517 2343 648 2400 lulianus
669 2351 810 2417 praeerat.
851 2343 903 2401 Vt'
921 2359 990 2403 con·

113 2443 176 2500 lata
191 2439 334 2514 utrimque
358 2447 462 2508 castra,
477 2443 553 2498 baud
579 2460 684 2517 magne
698 2443 889 2501 cunctatione
904 2444 990 2501 lutia-

116 2556 158 2598 uo
173 2538 203 2594 in
220 2548 315 2608 partes
336 2539 515 2610 Vespasiani
540 2546 713 2615 trangresso,
735 2542 928 2600 Tarracinam
942 2561 990 2600 oc·

116 2617 277 2709 cupavere,
303 2638 453 2696 moenibus
480 2640 592 2713 situque
620 2642 722 2715 magis,
749 2661 834 2717 quam
862 2644 989 2717 ipsorum

113 2736 247 2807 ingenio,
274 2742 374 2792 tutam.
417 2738 501 2809 Quae
530 2739 578 2794 ubi
606 2740 732 2797 Vitellio
753 2742 880 2817 cognita,
909 2753 988 2817 parte
1000 2754 1040 2812 58

116 2833 269 2906 copiarum
300 2834 428 2891 Narniae
451 2853 518 2893 cum
540 2838 700 2896 Praefectis
714 2841 856 2900 Praetorii
879 2846 989 2911 relicta,

115 2933 151 2989 L.
167 2933 327 2989 Vitellium
342 2919 465 3000 iratrem,
480 2951 546 2991 cum
560 2954 612 2992 ses
626 2925 793 2995 cohortibus
808 2947 836 2995 et
851 2942 990 3015 quingen·

117 3031 154 3087 tis
178 3030 338 3104 equitibus,
363 3032 508 3105 ingruenti
538 3052 589 3106 per
616 3036 808 3106 Campaniam
836 3039 915 3093 betto
941 3057 990 3109 op·

117 3129 222 3202 posuit.
279 3131 346 3202 lpse
374 3147 460 3205 aeger
486 3132 585 3193 animi,
606 3131 708 3187 studiis
734 3133 857 3189 militum
882 3141 912 3191 et
931 3137 989 3192 cia·

118 3228 246 3285 moribus
274 3230 383 3301 populi,
407 3246 486 3285 arma
514 3230 671 3302 poscentis,
698 3230 899 3288 refovebatur:
920 3239 989 3292 dum

119 3328 223 3399 vulgus
238 3327 386 3402 ignavum,
407 3334 437 3383 et
462 3327 534 3384 nihil
556 3331 631 3384 uitta
659 3330 746 3384 verba
772 3346 914 3392 ausurum.
939 3332 988 3390 lal-

38 3401 44 3412 ’
117 3424 264 3495 ssspeete
290 3422 438 3481 sancitum
458 3432 489 3481 et
514 3424 639 3500 legistam
662 3428 798 3499 adpellut.
840 3428 987 3488 Hortuuti·

119 3522 176 3579 bus
191 3523 302 3580 libertis
318 3521 399 3596 (nam
413 3523 572 3580 amicornm
586 3525 650 3582 cius
670 3533 778 3600 quanto
791 3525 853 3601 quis
874 3528 988 3598 clarior,

118 3622 214 3707 minus
244 3620 331 3694 idus)
355 3619 450 3679 serari
479 3619 570 3678 tribas
595 3622 686 3683 iubet.
729 3627 843 3685 Dentes
870 3628 988 3688 nomina

153 3736 225 3776 von.
247 3738 281 3777 ιι.
522 3723 560 3777 26
571 3718 590 3746 *
