2509 4292
142 398 175 448 a
193 399 278 448 cea.
373 401 445 449 ura.
471 402 544 450 xrv.
597 405 677 452 car.
706 383 764 453 58.
783 383 842 453 59.
980 390 1025 457 41

132 552 246 621 lamae,
260 554 443 613 credentium
464 556 526 613 otio
548 559 739 633 augebantur.
783 548 922 618 Ceterum
937 558 1023 619 liber·

135 655 185 708 tus
209 648 309 731 Plauti
332 653 486 711 celeritate
511 660 667 713 ventorum
686 657 842 730 praevenit
868 656 1023 717 Centurio·

134 769 222 818 nem,
255 744 287 808 e't
321 754 460 810 mandata
500 754 536 811 L.
574 754 708 824 Antistii,
748 756 854 824 soceri,
894 757 1021 815 adtulit:

134 851 299 925 ‘effugeret
312 869 434 925 segnem
449 856 581 919 mortem,
594 852 705 911 otium:
727 850 883 929 suffugium
896 860 927 912 et
943 872 1020 930 mag·

135 949 191 1006 ‘ni
206 950 333 1007 nominis
348 951 537 1009 miseratione
551 958 730 1025 reperturum
745 955 847 1018 bonos,
867 954 1020 1013 consocia·

134 1054 251 1107 ‘lurum
279 1052 414 1108 audaces.
444 1053 556 1108 nullum
583 1051 704 1109 interim
726 1052 889 1111 subsidium
901 1055 1018 1125 adsper·
1046 1082 1052 1087 ,

131 1151 291 1208 ‘nandum
306 1150 332 1206 si
346 1150 502 1224 sexaginta
516 1148 624 1206 milites
639 1147 695 1226 (tot
709 1151 790 1209 enim
802 1150 1016 1229 adveniebant)
1080 1211 1083 1216 ,

105 1303 108 1309 ,
134 1249 352 1322 ‘propulisset;
385 1250 455 1305 llum
488 1249 622 1305 relectur-
643 1249 762 1307 nuntius
793 1246 915 1319 Neroni,
945 1252 1015 1310 dum

139 1354 267 1404 ‘manus
281 1347 340 1404 alia
354 1354 493 1421 permeat,
501 1349 598 1407 multa
613 1353 758 1414 secutura,
778 1365 852 1423 quae
872 1350 909 1406 ad
924 1368 1013 1426 usque

133 1447 247 1504 bellum
257 1449 471 1504 evalescereut.
482 1446 610 1520 deniqne
624 1453 675 1504 aut
690 1448 817 1504 salutem
827 1448 1014 1508 taliconsilio

133 1550 266 1624 ‘quaeri
287 1554 337 1606 aut
362 1549 436 1607 nibil
464 1550 584 1624 gravius
611 1550 742 1617 audenti,
770 1567 855 1625 quam
892 1551 1013 1626 ignavo,

135 1649 331 1722 ‘patiendum
354 1646 441 1705 ease?
482 1649 543 1706 Sed
568 1649 704 1707 Plautum
731 1667 768 1707 es
795 1668 853 1708 non
881 1667 1010 1709 movere.
1022 1660 1065 1721 59

132 1746 202 1805 sive
227 1748 338 1804 nullam
357 1764 443 1819 opem
466 1747 642 1820 providebat
665 1748 785 1807 inermis
807 1755 894 1825 alque
915 1752 1012 1819 exsul,

134 1865 188 1904 seu
203 1846 303 1903 taedio
316 1846 471 1920 ambiguae
485 1846 557 1920 spel,
577 1864 615 1904 an
630 1864 728 1905 amore
749 1844 926 1924 coniugis'el
941 1848 1013 1907 libe-

134 1962 242 2012 rorum,
281 1944 385 2019 quibus
419 1945 639 2022 placabiliorem
665 1946 727 2004 lore
766 1946 935 2017 Principem
968 1966 1011 2005 re·

136 2046 231 2112 batur,
246 2046 326 2101 nulla
350 2042 550 2117 sollicitudine
564 2047 719 2102 turbatum.
761 2045 845 2112 Sunt,
859 2045 908 2119 qui
919 2046 1011 2104 ‘alios

135 2149 170 2200 ‘a
191 2160 295 2207 socero
320 2140 437 2203 nuntios
463 2142 590 2202 veniase’
611 2143 717 2209 lerant,
741 2148 912 2217 ‘tamquam
935 2144 1010 2204 nibil

126 2250 142 2276 “
153 2248 239 2300 atrox
254 2241 409 2299 inmineret
422 2261 431 2312 ς
451 2242 643 2317 doctoresque
658 2230 830 2314 sapientiae,
845 2241 1010 2302 Coeranum

133 2341 275 2408 “Graeci,
311 2340 478 2398 Musonium
520 2341 615 2400 'Pusci
649 2340 779 2416 generis,
813 2342 1009 2402 constantiam

132 2439 349 2518 ‘opperiendae
375 2440 488 2509 mortis,
516 2457 569 2514 pro
595 2439 710 2499 incerta
737 2425 768 2497 et
795 2440 907 2514 trepida
936 2441 1008 2511 vita,

131 2534 300 2597 ‘suasissess’
348 2538 492 2611 Repertus
516 2544 562 2596 est
589 2544 680 2606 certe,
708 2556 759 2612 per
785 2538 912 2598 medium
938 2540 1008 2611 diei,

129 2640 226 2697 nudus
251 2638 445 2695 exercitando
475 2637 598 2712 corpori.
640 2637 748 2699 'l'alem
774 2657 840 2697 eum
866 2639 1008 2699 Centurio

130 2737 305 2805 trucidavit,
330 2754 429 2794 coram
464 2736 624 2811 Pelagone,
648 2738 787 2809 spadone,
814 2755 899 2812 quem
927 2740 1009 2798 Nero

132 2835 310 2896 Oenl'urioni
325 2841 356 2893 et
370 2836 530 2909 manipulo,
543 2835 625 2911 quasi
649 2836 823 2894 satellitibus
844 2836 1007 2896 ministrum

130 2937 269 3010 Regium,
297 2940 512 3008 praeposuerat.
564 2936 662 3007 Caput
687 2934 838 2992 interlecti
866 2939 1006 2994 relatum:

131 3036 216 3093 ouius
228 3031 464 3108 adspectu,(ipsa
475 3032 622 3107 Principis
638 3034 728 3091 verba
742 3031 878 3111 releram)
891 3042 899 3067 ⁶
910 3032 1009 3106 Quim’

130 3133 236 3208 inquit,
264 3133 376 3200 ‘Nero,
388 3133 522 3205 deposito
540 3138 630 3201 melu,
644 3133 759 3205 nuptias
784 3132 948 3205 Poppaeae,
968 3133 1006 3190 ob

129 3231 292 3290 ‘eiusmodi
308 3236 429 3289 terrores
443 3231 558 3300 dilatae,
574 3239 717 3289 maturare
732 3235 822 3303 parat,
835 3230 1005 3289 Octaviam·
1077 3215 1082 3219 ⁸

129 3338 209 3405 ‘que
230 3329 387 3403 coniugem
409 3330 540 3400 amoliri3
561 3330 695 3406 quamvis
719 3329 850 3386 modeste
877 3335 953 3402 agat,
974 3337 1005 3388 et

131 3440 143 3464 ’
155 3429 275 3487 nomine
288 3429 389 3503 patris,
403 3434 433 3487 et
454 3429 556 3487 studiis
574 3427 674 3502 populi
700 3443 820 3502 gravem
833 3425 866 3485 ?'
887 3428 945 3485 Sed
966 3432 1004 3489 ad

131 3528 275 3586 Senatum
291 3514 414 3587 'litterae
437 3527 527 3599 misit,
555 3528 592 3584 de
620 3527 713 3586 caede
734 3526 835 3586 Sullae
849 3526 1003 3605 Plautique

169 3643 239 3685 von.
261 3645 297 3685 rr.
421 3656 423 3669 =
545 3622 591 3682 l*
