<?xml version="1.0" encoding="UTF-8"?>
<!DOCTYPE html PUBLIC "-//W3C//DTD XHTML 1.0 Transitional//EN"
    "http://www.w3.org/TR/xhtml1/DTD/xhtml1-transitional.dtd">
<html xmlns="http://www.w3.org/1999/xhtml" xml:lang="en" lang="en">
 <head>
  <title>
</title>
<meta http-equiv="Content-Type" content="text/html;charset=utf-8" />
  <meta name='ocr-system' content='tesseract 3.04.00' />
  <meta name='ocr-capabilities' content='ocr_page ocr_carea ocr_par ocr_line ocrx_word'/>
</head>
<body>
  <div class='ocr_page' id='page_1' title='image "./ccorneliitaciti03brotgoog_0062.png"; bbox 0 0 2509 4292; ppageno 0'>
   <div class='ocr_carea' id='block_1_1' title="bbox 217 338 1101 413">
    <p class='ocr_par' dir='ltr' id='par_1_1' title="bbox 217 338 1101 413">
     <span class='ocr_line' id='line_1_1' title="bbox 217 338 1101 413; baseline 0.002 -4"><span class='ocrx_word' id='word_1_1' title='bbox 217 342 268 410; x_wconf 74' lang='lat'>40</span> <span class='ocrx_word' id='word_1_2' title='bbox 559 338 745 411; x_wconf 74' lang='lat' dir='ltr'>anusnrvnt</span> <span class='ocrx_word' id='word_1_3' title='bbox 948 364 979 413; x_wconf 77' lang='lat' dir='ltr'>a.</span> <span class='ocrx_word' id='word_1_4' title='bbox 993 361 1024 411; x_wconf 82' lang='lat' dir='ltr'>v.</span> <span class='ocrx_word' id='word_1_5' title='bbox 1040 365 1101 412; x_wconf 79' lang='lat' dir='ltr'>sse.</span> 
     </span>
    </p>
   </div>
   <div class='ocr_carea' id='block_1_2' title="bbox 218 513 1166 2182">
    <p class='ocr_par' dir='ltr' id='par_1_2' title="bbox 218 513 1166 2182">
     <span class='ocr_line' id='line_1_2' title="bbox 218 513 1099 591; baseline 0.002 -20"><span class='ocrx_word' id='word_1_6' title='bbox 218 515 357 591; x_wconf 83' lang='lat' dir='ltr'>pollebat,</span> <span class='ocrx_word' id='word_1_7' title='bbox 369 513 510 590; x_wconf 76' lang='lat' dir='ltr'><strong>gratiores</strong></span> <span class='ocrx_word' id='word_1_8' title='bbox 523 519 610 582; x_wconf 86' lang='lat' dir='ltr'>ratus,</span> <span class='ocrx_word' id='word_1_9' title='bbox 623 515 650 572; x_wconf 89' lang='lat' dir='ltr'>si</span> <span class='ocrx_word' id='word_1_10' title='bbox 672 513 841 587; x_wconf 74' lang='lat' dir='ltr'>Principem</span> <span class='ocrx_word' id='word_1_11' title='bbox 862 515 1005 574; x_wconf 85' lang='lat' dir='ltr'>societate</span> <span class='ocrx_word' id='word_1_12' title='bbox 1027 533 1099 574; x_wconf 80' lang='lat' dir='ltr'>sna·</span> 
     </span>
     <span class='ocr_line' id='line_1_3' title="bbox 218 614 1100 690; baseline 0 -18"><span class='ocrx_word' id='word_1_13' title='bbox 218 615 310 673; x_wconf 91' lang='lat' dir='ltr'>lerum</span> <span class='ocrx_word' id='word_1_14' title='bbox 333 615 544 690; x_wconf 73' lang='lat' dir='ltr'>obstringerel3</span> <span class='ocrx_word' id='word_1_15' title='bbox 565 619 658 673; x_wconf 89' lang='lat' dir='ltr'>metus</span> <span class='ocrx_word' id='word_1_16' title='bbox 686 614 749 671; x_wconf 78' lang='lat' dir='ltr'>eius</span> <span class='ocrx_word' id='word_1_17' title='bbox 770 615 910 675; x_wconf 72' lang='lat' dir='ltr'>rimatur:</span> <span class='ocrx_word' id='word_1_18' title='bbox 930 620 1100 689; x_wconf 79' lang='lat' dir='ltr'>comperto·</span> 
     </span>
     <span class='ocr_line' id='line_1_4' title="bbox 219 712 1137 795; baseline 0 -25"><span class='ocrx_word' id='word_1_19' title='bbox 219 731 284 790; x_wconf 83' lang='lat' dir='ltr'>que,</span> <span class='ocrx_word' id='word_1_20' title='bbox 304 712 438 795; x_wconf 79' lang='lat' dir='ltr'>Plautum</span> <span class='ocrx_word' id='word_1_21' title='bbox 450 720 480 770; x_wconf 88' lang='lat' dir='ltr'>el</span> <span class='ocrx_word' id='word_1_22' title='bbox 506 714 618 770; x_wconf 83' lang='lat' dir='ltr'>Sullam</span> <span class='ocrx_word' id='word_1_23' title='bbox 640 712 768 775; x_wconf 81' lang='lat' dir='ltr'>maxime</span> <span class='ocrx_word' id='word_1_24' title='bbox 784 715 890 781; x_wconf 90' lang='lat' dir='ltr'>timeri,</span> <span class='ocrx_word' id='word_1_25' title='bbox 911 714 1044 773; x_wconf 75' lang='lat' dir='ltr'>Plautum</span> <span class='ocrx_word' id='word_1_26' title='bbox 1057 713 1099 771; x_wconf 78' lang='lat' dir='ltr'>iu</span> <span class='ocrx_word' id='word_1_27' title='bbox 1131 712 1137 717; x_wconf 92' lang='grc'><strong><em>’</em></strong></span> 
     </span>
     <span class='ocr_line' id='line_1_5' title="bbox 221 812 1102 885; baseline -0.001 -13"><span class='ocrx_word' id='word_1_28' title='bbox 221 812 334 880; x_wconf 81' lang='lat' dir='ltr'>Asiam,</span> <span class='ocrx_word' id='word_1_29' title='bbox 370 814 481 870; x_wconf 81' lang='lat' dir='ltr'>Sullam</span> <span class='ocrx_word' id='word_1_30' title='bbox 505 812 536 869; x_wconf 90' lang='lat' dir='ltr'>in</span> <span class='ocrx_word' id='word_1_31' title='bbox 572 813 704 869; x_wconf 79' lang='lat' dir='ltr'>Galliam</span> <span class='ocrx_word' id='word_1_32' title='bbox 745 813 968 871; x_wconf 80' lang='lat' dir='ltr'>Narbonensem</span> <span class='ocrx_word' id='word_1_33' title='bbox 1000 831 1102 885; x_wconf 81' lang='lat' dir='ltr'>nuper</span> 
     </span>
     <span class='ocr_line' id='line_1_6' title="bbox 220 911 1099 988; baseline 0.001 -19"><span class='ocrx_word' id='word_1_34' title='bbox 220 918 351 981; x_wconf 78' lang='lat' dir='ltr'>amotos3</span> <span class='ocrx_word' id='word_1_35' title='bbox 386 911 598 969; x_wconf 72' lang='lat' dir='ltr'>‘nobilitatem</span> <span class='ocrx_word' id='word_1_36' title='bbox 622 928 731 979; x_wconf 89' lang='lat' dir='ltr'>eorum,</span> <span class='ocrx_word' id='word_1_37' title='bbox 751 918 782 968; x_wconf 83' lang='lat' dir='ltr'>et</span> <span class='ocrx_word' id='word_1_38' title='bbox 816 913 990 988; x_wconf 83' lang='lat' dir='ltr'>propinquos</span> <span class='ocrx_word' id='word_1_39' title='bbox 1023 913 1099 970; x_wconf 81' lang='lat' dir='ltr'>huia</span> 
     </span>
     <span class='ocr_line' id='line_1_7' title="bbox 221 1009 1095 1081; baseline 0 -13"><span class='ocrx_word' id='word_1_40' title='bbox 221 1010 381 1077; x_wconf 86' lang='lat' dir='ltr'>‘Orientis,</span> <span class='ocrx_word' id='word_1_41' title='bbox 405 1009 449 1067; x_wconf 91' lang='lat' dir='ltr'>illi</span> <span class='ocrx_word' id='word_1_42' title='bbox 474 1010 654 1081; x_wconf 83' lang='lat' dir='ltr'>Germaniae</span> <span class='ocrx_word' id='word_1_43' title='bbox 684 1009 841 1068; x_wconf 68' lang='lat' dir='ltr'>exereitus*</span> <span class='ocrx_word' id='word_1_44' title='bbox 872 1017 1095 1071; x_wconf 74' lang='lat' dir='ltr'>commemorat,</span> 
     </span>
     <span class='ocr_line' id='line_1_8' title="bbox 221 1109 1166 1187; baseline -0.003 -20"><span class='ocrx_word' id='word_1_45' title='bbox 221 1109 307 1167; x_wconf 88' lang='lat' dir='ltr'>‘Non</span> <span class='ocrx_word' id='word_1_46' title='bbox 322 1127 363 1176; x_wconf 84' lang='lat' dir='ltr'>se,</span> <span class='ocrx_word' id='word_1_47' title='bbox 378 1115 409 1169; x_wconf 89' lang='lat' dir='ltr'>ut</span> <span class='ocrx_word' id='word_1_48' title='bbox 424 1109 556 1187; x_wconf 72' lang='lat' dir='ltr'>Burrum,</span> <span class='ocrx_word' id='word_1_49' title='bbox 580 1111 712 1168; x_wconf 82' lang='lat' dir='ltr'>diversas</span> <span class='ocrx_word' id='word_1_50' title='bbox 736 1129 812 1184; x_wconf 86' lang='lat' dir='ltr'>spes,</span> <span class='ocrx_word' id='word_1_51' title='bbox 826 1112 877 1168; x_wconf 87' lang='lat' dir='ltr'>sed</span> <span class='ocrx_word' id='word_1_52' title='bbox 899 1115 991 1169; x_wconf 88' lang='lat' dir='ltr'>solam</span> <span class='ocrx_word' id='word_1_53' title='bbox 1011 1113 1097 1168; x_wconf 80' lang='lat' dir='ltr'>inno-</span> <span class='ocrx_word' id='word_1_54' title='bbox 1145 1155 1166 1164; x_wconf 61' lang='grc'>,.</span> 
     </span>
     <span class='ocr_line' id='line_1_9' title="bbox 221 1208 1096 1286; baseline 0.003 -20"><span class='ocrx_word' id='word_1_55' title='bbox 221 1208 400 1267; x_wconf 89' lang='lat' dir='ltr'>‘lumitatem</span> <span class='ocrx_word' id='word_1_56' title='bbox 416 1209 547 1267; x_wconf 89' lang='lat' dir='ltr'>Neronis</span> <span class='ocrx_word' id='word_1_57' title='bbox 573 1216 724 1282; x_wconf 78' lang='lat' dir='ltr'>spectare:</span> <span class='ocrx_word' id='word_1_58' title='bbox 758 1208 807 1267; x_wconf 87' lang='lat' dir='ltr'>oui</span> <span class='ocrx_word' id='word_1_59' title='bbox 821 1210 922 1268; x_wconf 81' lang='lat' dir='ltr'>caveri</span> <span class='ocrx_word' id='word_1_60' title='bbox 936 1218 1096 1286; x_wconf 85' lang='lat' dir='ltr'>utcumque</span> 
     </span>
     <span class='ocr_line' id='line_1_10' title="bbox 222 1306 1095 1385; baseline 0.002 -20"><span class='ocrx_word' id='word_1_61' title='bbox 222 1309 278 1365; x_wconf 90' lang='lat' dir='ltr'>‘ab</span> <span class='ocrx_word' id='word_1_62' title='bbox 302 1309 418 1367; x_wconf 87' lang='lat' dir='ltr'>urbanis</span> <span class='ocrx_word' id='word_1_63' title='bbox 431 1356 434 1365; x_wconf 94' lang='lat'>.</span> <span class='ocrx_word' id='word_1_64' title='bbox 446 1306 561 1367; x_wconf 75' lang='lat' dir='ltr'>insidiis</span> <span class='ocrx_word' id='word_1_65' title='bbox 587 1310 771 1385; x_wconf 81' lang='lat' dir='ltr'>praesentia;</span> <span class='ocrx_word' id='word_1_66' title='bbox 803 1310 976 1383; x_wconf 81' lang='lat' dir='ltr'>longinquos</span> <span class='ocrx_word' id='word_1_67' title='bbox 996 1315 1095 1368; x_wconf 87' lang='lat' dir='ltr'>urotus</span> 
     </span>
     <span class='ocr_line' id='line_1_11' title="bbox 222 1390 1094 1483; baseline 0.002 -19"><span class='ocrx_word' id='word_1_68' title='bbox 222 1414 363 1483; x_wconf 89' lang='lat' dir='ltr'>‘quonam</span> <span class='ocrx_word' id='word_1_69' title='bbox 377 1409 462 1465; x_wconf 80' lang='lat' dir='ltr'>morlo</span> <span class='ocrx_word' id='word_1_70' title='bbox 482 1408 637 1480; x_wconf 78' lang='lat' dir='ltr'>comprimi</span> <span class='ocrx_word' id='word_1_71' title='bbox 651 1405 758 1482; x_wconf 81' lang='lat' dir='ltr'>pmse?</span> <span class='ocrx_word' id='word_1_72' title='bbox 777 1408 899 1467; x_wconf 85' lang='lat' dir='ltr'>Ereutas</span> <span class='ocrx_word' id='word_1_73' title='bbox 925 1390 1038 1466; x_wconf 87' lang='lat' dir='ltr'>Gallias</span> <span class='ocrx_word' id='word_1_74' title='bbox 1053 1410 1094 1466; x_wconf 83' lang='lat' dir='ltr'>ad</span> 
     </span>
     <span class='ocr_line' id='line_1_12' title="bbox 222 1507 1096 1581; baseline 0 -15"><span class='ocrx_word' id='word_1_75' title='bbox 222 1512 347 1566; x_wconf 78' lang='lat' dir='ltr'>‘nomeu</span> <span class='ocrx_word' id='word_1_76' title='bbox 373 1508 588 1572; x_wconf 78' lang='lat' dir='ltr'>Dictatorium,</span> <span class='ocrx_word' id='word_1_77' title='bbox 606 1512 661 1565; x_wconf 84' lang='lat' dir='ltr'>nen</span> <span class='ocrx_word' id='word_1_78' title='bbox 689 1507 784 1567; x_wconf 88' lang='lat' dir='ltr'>minus</span> <span class='ocrx_word' id='word_1_79' title='bbox 815 1514 966 1581; x_wconf 82' lang='lat' dir='ltr'>suspectos</span> <span class='ocrx_word' id='word_1_80' title='bbox 1001 1509 1096 1567; x_wconf 82' lang='lat' dir='ltr'>Asiae</span> 
     </span>
     <span class='ocr_line' id='line_1_13' title="bbox 222 1600 1095 1681; baseline 0.001 -16"><span class='ocrx_word' id='word_1_81' title='bbox 222 1610 362 1681; x_wconf 85' lang='lat' dir='ltr'>‘populos</span> <span class='ocrx_word' id='word_1_82' title='bbox 389 1600 564 1673; x_wconf 69' lang='lat' dir='ltr'>claritudine</span> <span class='ocrx_word' id='word_1_83' title='bbox 591 1600 641 1664; x_wconf 81' lang='lat' dir='ltr'>avi</span> <span class='ocrx_word' id='word_1_84' title='bbox 665 1606 763 1664; x_wconf 87' lang='lat' dir='ltr'>Drusi.</span> <span class='ocrx_word' id='word_1_85' title='bbox 815 1608 928 1665; x_wconf 80' lang='lat' dir='ltr'>Sullam</span> <span class='ocrx_word' id='word_1_86' title='bbox 956 1610 1095 1681; x_wconf 79' lang='lat' dir='ltr'>inopem3</span> 
     </span>
     <span class='ocr_line' id='line_1_14' title="bbox 223 1704 1098 1781; baseline 0.001 -18"><span class='ocrx_word' id='word_1_87' title='bbox 223 1706 320 1763; x_wconf 87' lang='lat' dir='ltr'>‘uude</span> <span class='ocrx_word' id='word_1_88' title='bbox 334 1704 520 1777; x_wconf 83' lang='lat' dir='ltr'>praeeipuam</span> <span class='ocrx_word' id='word_1_89' title='bbox 542 1706 711 1765; x_wconf 76' lang='lat' dir='ltr'>audaciam:</span> <span class='ocrx_word' id='word_1_90' title='bbox 733 1712 763 1763; x_wconf 83' lang='lat' dir='ltr'>et</span> <span class='ocrx_word' id='word_1_91' title='bbox 787 1708 984 1766; x_wconf 79' lang='lat' dir='ltr'>simulatorem</span> <span class='ocrx_word' id='word_1_92' title='bbox 998 1706 1098 1781; x_wconf 81' lang='lat' dir='ltr'>segni·</span> 
     </span>
     <span class='ocr_line' id='line_1_15' title="bbox 222 1804 1097 1882; baseline 0.003 -22"><span class='ocrx_word' id='word_1_93' title='bbox 222 1804 307 1871; x_wconf 68' lang='lat' dir='ltr'>‘liae</span> <span class='ocrx_word' id='word_1_94' title='bbox 320 1805 389 1861; x_wconf 90' lang='lat' dir='ltr'>dum</span> <span class='ocrx_word' id='word_1_95' title='bbox 404 1805 549 1861; x_wconf 87' lang='lat' dir='ltr'>temeriati</span> <span class='ocrx_word' id='word_1_96' title='bbox 565 1807 661 1869; x_wconf 80' lang='lat' dir='ltr'>losum</span> <span class='ocrx_word' id='word_1_97' title='bbox 676 1806 824 1879; x_wconf 82' lang='lat' dir='ltr'>reperiret.</span> <span class='ocrx_word' id='word_1_98' title='bbox 867 1808 1004 1865; x_wconf 89' lang='lat' dir='ltr'>Plautum</span> <span class='ocrx_word' id='word_1_99' title='bbox 1015 1824 1097 1882; x_wconf 82' lang='lat' dir='ltr'>mag·</span> 
     </span>
     <span class='ocr_line' id='line_1_16' title="bbox 223 1902 1097 1983; baseline 0.003 -22"><span class='ocrx_word' id='word_1_100' title='bbox 223 1903 287 1961; x_wconf 91' lang='lat' dir='ltr'>‘nis</span> <span class='ocrx_word' id='word_1_101' title='bbox 307 1902 420 1983; x_wconf 64' lang='lat' dir='ltr'>opitius,</span> <span class='ocrx_word' id='word_1_102' title='bbox 438 1921 476 1960; x_wconf 89' lang='lat' dir='ltr'>ne</span> <span class='ocrx_word' id='word_1_103' title='bbox 501 1905 610 1980; x_wconf 81' lang='lat' dir='ltr'>lingere</span> <span class='ocrx_word' id='word_1_104' title='bbox 623 1906 741 1980; x_wconf 87' lang='lat' dir='ltr'>quidem</span> <span class='ocrx_word' id='word_1_105' title='bbox 765 1906 933 1981; x_wconf 82' lang='lat' dir='ltr'>cupidinem</span> <span class='ocrx_word' id='word_1_106' title='bbox 955 1907 1018 1974; x_wconf 86' lang='lat' dir='ltr'>otii,</span> <span class='ocrx_word' id='word_1_107' title='bbox 1039 1907 1097 1965; x_wconf 85' lang='lat' dir='ltr'>sed</span> 
     </span>
     <span class='ocr_line' id='line_1_17' title="bbox 223 2003 1099 2080; baseline 0.007 -20"><span class='ocrx_word' id='word_1_108' title='bbox 223 2009 377 2061; x_wconf 86' lang='lat' dir='ltr'>‘veterum</span> <span class='ocrx_word' id='word_1_109' title='bbox 412 2003 607 2062; x_wconf 88' lang='lat' dir='ltr'>Romanorum</span> <span class='ocrx_word' id='word_1_110' title='bbox 635 2004 820 2063; x_wconf 89' lang='lat' dir='ltr'>imitamenta</span> <span class='ocrx_word' id='word_1_111' title='bbox 847 2007 1012 2080; x_wconf 75' lang='lat' dir='ltr'>praeferre:</span> <span class='ocrx_word' id='word_1_112' title='bbox 1045 2009 1099 2066; x_wconf 83' lang='lat' dir='ltr'>ad·</span> 
     </span>
     <span class='ocr_line' id='line_1_18' title="bbox 225 2103 1098 2182; baseline 0.006 -22"><span class='ocrx_word' id='word_1_113' title='bbox 225 2105 358 2176; x_wconf 84' lang='lat' dir='ltr'>‘sumpta</span> <span class='ocrx_word' id='word_1_114' title='bbox 370 2103 471 2161; x_wconf 86' lang='lat' dir='ltr'>etiam·</span> <span class='ocrx_word' id='word_1_115' title='bbox 484 2103 650 2163; x_wconf 82' lang='lat' dir='ltr'>Stoicorum</span> <span class='ocrx_word' id='word_1_116' title='bbox 664 2105 835 2179; x_wconf 79' lang='lat' dir='ltr'>adrogantia</span> <span class='ocrx_word' id='word_1_117' title='bbox 849 2112 997 2181; x_wconf 73' lang='lat' dir='ltr'>sectaque,</span> <span class='ocrx_word' id='word_1_118' title='bbox 1019 2123 1098 2182; x_wconf 81' lang='lat' dir='ltr'>quas</span> 
     </span>
    </p>
   </div>
   <div class='ocr_carea' id='block_1_3' title="bbox 224 2180 1100 2477">
    <p class='ocr_par' dir='ltr' id='par_1_3' title="bbox 224 2180 1100 2477">
     <span class='ocr_line' id='line_1_19' title="bbox 224 2180 1099 2279; baseline 0.006 -20"><span class='ocrx_word' id='word_1_119' title='bbox 224 2200 373 2260; x_wconf 82' lang='lat' dir='ltr'>‘turbidos</span> <span class='ocrx_word' id='word_1_120' title='bbox 406 2209 437 2261; x_wconf 88' lang='lat' dir='ltr'>et</span> <span class='ocrx_word' id='word_1_121' title='bbox 467 2205 649 2278; x_wconf 80' lang='lat' dir='ltr'>negotiorum</span> <span class='ocrx_word' id='word_1_122' title='bbox 675 2180 863 2279; x_wconf 65' lang='lat' dir='ltr'>adpetentes&#39;</span> <span class='ocrx_word' id='word_1_123' title='bbox 878 2204 986 2263; x_wconf 65' lang='lat' dir='ltr'>faeiat!</span> <span class='ocrx_word' id='word_1_124' title='bbox 1026 2206 1099 2265; x_wconf 83' lang='lat' dir='ltr'>Neo</span> 
     </span>
     <span class='ocr_line' id='line_1_20' title="bbox 224 2302 1098 2377; baseline 0.007 -19"><span class='ocrx_word' id='word_1_125' title='bbox 224 2302 299 2361; x_wconf 84' lang='lat' dir='ltr'>ultra</span> <span class='ocrx_word' id='word_1_126' title='bbox 321 2316 408 2359; x_wconf 88' lang='lat' dir='ltr'>mora.</span> <span class='ocrx_word' id='word_1_127' title='bbox 452 2304 544 2370; x_wconf 80' lang='lat' dir='ltr'>Sulla,</span> <span class='ocrx_word' id='word_1_128' title='bbox 571 2310 656 2361; x_wconf 82' lang='lat' dir='ltr'>sexto</span> <span class='ocrx_word' id='word_1_129' title='bbox 682 2303 731 2361; x_wconf 87' lang='lat' dir='ltr'>dis</span> <span class='ocrx_word' id='word_1_130' title='bbox 753 2305 902 2377; x_wconf 85' lang='lat' dir='ltr'>perventis</span> <span class='ocrx_word' id='word_1_131' title='bbox 931 2305 1098 2365; x_wconf 84' lang='lat' dir='ltr'>Massiliam</span> 
     </span>
     <span class='ocr_line' id='line_1_21' title="bbox 224 2401 1100 2477; baseline 0.003 -19"><span class='ocrx_word' id='word_1_132' title='bbox 224 2401 455 2475; x_wconf 77' lang='lat' dir='ltr'>percussoribus,</span> <span class='ocrx_word' id='word_1_133' title='bbox 471 2408 540 2458; x_wconf 90' lang='lat' dir='ltr'>ante</span> <span class='ocrx_word' id='word_1_134' title='bbox 559 2408 670 2460; x_wconf 87' lang='lat' dir='ltr'>metum</span> <span class='ocrx_word' id='word_1_135' title='bbox 694 2408 725 2459; x_wconf 88' lang='lat' dir='ltr'>et</span> <span class='ocrx_word' id='word_1_136' title='bbox 747 2420 891 2461; x_wconf 87' lang='lat' dir='ltr'>rumorem</span> <span class='ocrx_word' id='word_1_137' title='bbox 907 2404 1100 2477; x_wconf 84' lang='lat' dir='ltr'>interficitur,</span> 
     </span>
    </p>
   </div>
   <div class='ocr_carea' id='block_1_4' title="bbox 161 2499 1116 3673">
    <p class='ocr_par' dir='ltr' id='par_1_4' title="bbox 161 2499 1116 3673">
     <span class='ocr_line' id='line_1_22' title="bbox 224 2499 1100 2577; baseline 0.006 -21"><span class='ocrx_word' id='word_1_138' title='bbox 224 2516 292 2559; x_wconf 85' lang='lat' dir='ltr'>oum</span> <span class='ocrx_word' id='word_1_139' title='bbox 316 2499 454 2576; x_wconf 81' lang='lat' dir='ltr'>epulandi</span> <span class='ocrx_word' id='word_1_140' title='bbox 474 2517 577 2559; x_wconf 81' lang='lat' dir='ltr'>caussa</span> <span class='ocrx_word' id='word_1_141' title='bbox 604 2501 809 2559; x_wconf 85' lang='lat' dir='ltr'>discumberet.</span> <span class='ocrx_word' id='word_1_142' title='bbox 851 2503 988 2560; x_wconf 83' lang='lat' dir='ltr'>Relatum</span> <span class='ocrx_word' id='word_1_143' title='bbox 1008 2509 1100 2577; x_wconf 86' lang='lat' dir='ltr'>eaput</span> 
     </span>
     <span class='ocr_line' id='line_1_23' title="bbox 224 2598 1097 2675; baseline 0.003 -18"><span class='ocrx_word' id='word_1_144' title='bbox 224 2599 286 2658; x_wconf 88' lang='lat' dir='ltr'>eius</span> <span class='ocrx_word' id='word_1_145' title='bbox 298 2598 398 2655; x_wconf 84' lang='lat' dir='ltr'>inlusit</span> <span class='ocrx_word' id='word_1_146' title='bbox 411 2600 500 2665; x_wconf 87' lang='lat' dir='ltr'>Nero,</span> <span class='ocrx_word' id='word_1_147' title='bbox 510 2605 658 2675; x_wconf 86' lang='lat' dir='ltr'>tamquam</span> <span class='ocrx_word' id='word_1_148' title='bbox 669 2608 849 2673; x_wconf 86' lang='lat' dir='ltr'>praematura</span> <span class='ocrx_word' id='word_1_149' title='bbox 870 2602 981 2660; x_wconf 80' lang='lat' dir='ltr'>canitie</span> <span class='ocrx_word' id='word_1_150' title='bbox 1002 2603 1097 2660; x_wconf 83' lang='lat' dir='ltr'>detor·</span> 
     </span>
     <span class='ocr_line' id='line_1_24' title="bbox 172 2690 1097 2773; baseline 0.004 -18"><span class='ocrx_word' id='word_1_151' title='bbox 172 2698 213 2756; x_wconf 79' lang='lat'>58</span> <span class='ocrx_word' id='word_1_152' title='bbox 225 2716 281 2759; x_wconf 86' lang='lat' dir='ltr'>me.</span> <span class='ocrx_word' id='word_1_153' title='bbox 323 2698 429 2756; x_wconf 87' lang='lat' dir='ltr'>Plauto</span> <span class='ocrx_word' id='word_1_154' title='bbox 442 2699 536 2772; x_wconf 90' lang='lat' dir='ltr'>parari</span> <span class='ocrx_word' id='word_1_155' title='bbox 544 2717 659 2769; x_wconf 82' lang='lat' dir='ltr'>necem,</span> <span class='ocrx_word' id='word_1_156' title='bbox 670 2717 728 2757; x_wconf 90' lang='lat' dir='ltr'>non</span> <span class='ocrx_word' id='word_1_157' title='bbox 739 2701 859 2773; x_wconf 80' lang='lat' dir='ltr'>perinde</span> <span class='ocrx_word' id='word_1_158' title='bbox 870 2690 1018 2763; x_wconf 80' lang='lat' dir='ltr'>oecultum</span> <span class='ocrx_word' id='word_1_159' title='bbox 1029 2702 1097 2771; x_wconf 88' lang='lat' dir='ltr'>tuit,</span> 
     </span>
     <span class='ocr_line' id='line_1_25' title="bbox 225 2798 1116 2876; baseline 0.004 -19"><span class='ocrx_word' id='word_1_160' title='bbox 225 2800 292 2876; x_wconf 85' lang='lat' dir='ltr'>quia</span> <span class='ocrx_word' id='word_1_161' title='bbox 305 2798 433 2872; x_wconf 87' lang='lat' dir='ltr'>pluribus</span> <span class='ocrx_word' id='word_1_162' title='bbox 447 2802 524 2856; x_wconf 88' lang='lat' dir='ltr'>salus</span> <span class='ocrx_word' id='word_1_163' title='bbox 539 2799 601 2855; x_wconf 87' lang='lat' dir='ltr'>eius</span> <span class='ocrx_word' id='word_1_164' title='bbox 615 2802 789 2868; x_wconf 71' lang='lat' dir='ltr'>curabatur,</span> <span class='ocrx_word' id='word_1_165' title='bbox 803 2808 833 2859; x_wconf 85' lang='lat' dir='ltr'>el</span> <span class='ocrx_word' id='word_1_166' title='bbox 847 2801 971 2874; x_wconf 83' lang='lat' dir='ltr'>spatium</span> <span class='ocrx_word' id='word_1_167' title='bbox 982 2801 1100 2861; x_wconf 84' lang='lat' dir='ltr'>itineris</span> <span class='ocrx_word' id='word_1_168' title='bbox 1114 2862 1116 2867; x_wconf 78' lang='grc'><strong>,</strong></span> 
     </span>
     <span class='ocr_line' id='line_1_26' title="bbox 224 2880 1099 2972; baseline 0.003 -15"><span class='ocrx_word' id='word_1_169' title='bbox 224 2916 260 2957; x_wconf 86' lang='lat' dir='ltr'>ao</span> <span class='ocrx_word' id='word_1_170' title='bbox 291 2898 378 2955; x_wconf 90' lang='lat' dir='ltr'>maris</span> <span class='ocrx_word' id='word_1_171' title='bbox 406 2904 575 2972; x_wconf 79' lang='lat' dir='ltr'>tempusque</span> <span class='ocrx_word' id='word_1_172' title='bbox 603 2880 792 2970; x_wconf 84' lang='lat' dir='ltr'>interiectum</span> <span class='ocrx_word' id='word_1_173' title='bbox 816 2892 947 2958; x_wconf 87' lang='lat' dir='ltr'>moverat</span> <span class='ocrx_word' id='word_1_174' title='bbox 969 2900 1099 2960; x_wconf 82' lang='lat' dir='ltr'>famam:</span> 
     </span>
     <span class='ocr_line' id='line_1_27' title="bbox 225 2997 1098 3077; baseline 0.005 -21"><span class='ocrx_word' id='word_1_175' title='bbox 225 3001 370 3073; x_wconf 77' lang='lat' dir='ltr'>vulgoque</span> <span class='ocrx_word' id='word_1_176' title='bbox 382 2998 540 3073; x_wconf 83' lang='lat' dir='ltr'>lingebant,</span> <span class='ocrx_word' id='word_1_177' title='bbox 547 2997 664 3074; x_wconf 82' lang='lat' dir='ltr'>petitum</span> <span class='ocrx_word' id='word_1_178' title='bbox 678 2998 716 3056; x_wconf 82' lang='lat' dir='ltr'>ab</span> <span class='ocrx_word' id='word_1_179' title='bbox 728 3017 759 3057; x_wconf 82' lang='lat' dir='ltr'>eo</span> <span class='ocrx_word' id='word_1_180' title='bbox 772 2998 966 3067; x_wconf 82' lang='lat' dir='ltr'>Corbulonem,</span> <span class='ocrx_word' id='word_1_181' title='bbox 981 3001 1098 3077; x_wconf 77' lang='lat' dir='ltr'>magnis</span> 
     </span>
     <span class='ocr_line' id='line_1_28' title="bbox 226 3098 1098 3175; baseline 0.001 -18"><span class='ocrx_word' id='word_1_182' title='bbox 226 3103 286 3157; x_wconf 88' lang='lat' dir='ltr'>turn</span> <span class='ocrx_word' id='word_1_183' title='bbox 301 3098 479 3155; x_wconf 83' lang='lat' dir='ltr'>exercitibus</span> <span class='ocrx_word' id='word_1_184' title='bbox 498 3098 724 3170; x_wconf 78' lang='lat' dir='ltr'>praesidentem,</span> <span class='ocrx_word' id='word_1_185' title='bbox 737 3100 763 3157; x_wconf 91' lang='lat' dir='ltr'>si</span> <span class='ocrx_word' id='word_1_186' title='bbox 777 3101 849 3158; x_wconf 86' lang='lat' dir='ltr'>olari</span> <span class='ocrx_word' id='word_1_187' title='bbox 864 3109 949 3175; x_wconf 83' lang='lat' dir='ltr'>alque</span> <span class='ocrx_word' id='word_1_188' title='bbox 962 3101 1098 3159; x_wconf 82' lang='lat' dir='ltr'>insontes</span> 
     </span>
     <span class='ocr_line' id='line_1_29' title="bbox 161 3196 1098 3276; baseline 0.006 -21"><span class='ocrx_word' id='word_1_189' title='bbox 161 3240 163 3243; x_wconf 75' lang='lat'><em>·</em></span> <span class='ocrx_word' id='word_1_190' title='bbox 224 3196 464 3273; x_wconf 80' lang='lat' dir='ltr'>interficerentur,</span> <span class='ocrx_word' id='word_1_191' title='bbox 501 3198 688 3275; x_wconf 87' lang='lat' dir='ltr'>praecipuum</span> <span class='ocrx_word' id='word_1_192' title='bbox 712 3201 749 3257; x_wconf 82' lang='lat' dir='ltr'>arl</span> <span class='ocrx_word' id='word_1_193' title='bbox 771 3199 910 3272; x_wconf 83' lang='lat' dir='ltr'>pericula.</span> <span class='ocrx_word' id='word_1_194' title='bbox 943 3201 1030 3276; x_wconf 89' lang='lat' dir='ltr'>‘quin</span> <span class='ocrx_word' id='word_1_195' title='bbox 1065 3206 1098 3261; x_wconf 86' lang='lat' dir='ltr'>et</span> 
     </span>
     <span class='ocr_line' id='line_1_30' title="bbox 224 3294 1100 3373; baseline 0.006 -19"><span class='ocrx_word' id='word_1_196' title='bbox 224 3297 347 3354; x_wconf 85' lang='lat' dir='ltr'>‘Asiam</span> <span class='ocrx_word' id='word_1_197' title='bbox 362 3296 462 3354; x_wconf 84' lang='lat' dir='ltr'>lavore</span> <span class='ocrx_word' id='word_1_198' title='bbox 476 3294 593 3361; x_wconf 88' lang='lat' dir='ltr'>iuvenis</span> <span class='ocrx_word' id='word_1_199' title='bbox 608 3316 685 3356; x_wconf 84' lang='lat' dir='ltr'>arma</span> <span class='ocrx_word' id='word_1_200' title='bbox 701 3298 834 3373; x_wconf 80' lang='lat' dir='ltr'>cepisse3</span> <span class='ocrx_word' id='word_1_201' title='bbox 858 3317 913 3357; x_wconf 87' lang='lat' dir='ltr'>neo</span> <span class='ocrx_word' id='word_1_202' title='bbox 928 3300 1046 3368; x_wconf 85' lang='lat' dir='ltr'>milites,</span> <span class='ocrx_word' id='word_1_203' title='bbox 1060 3301 1100 3359; x_wconf 73' lang='lat' dir='ltr'>all</span> 
     </span>
     <span class='ocr_line' id='line_1_31' title="bbox 200 3396 1098 3483; baseline 0.008 -32"><span class='ocrx_word' id='word_1_204' title='bbox 200 3398 338 3483; x_wconf 33' lang='lat' dir='ltr'>&#39;‘suelns</span> <span class='ocrx_word' id='word_1_205' title='bbox 373 3396 485 3463; x_wconf 88' lang='lat' dir='ltr'>missos,</span> <span class='ocrx_word' id='word_1_206' title='bbox 525 3402 576 3454; x_wconf 90' lang='lat' dir='ltr'>aut</span> <span class='ocrx_word' id='word_1_207' title='bbox 621 3416 741 3456; x_wconf 88' lang='lat' dir='ltr'>numero</span> <span class='ocrx_word' id='word_1_208' title='bbox 784 3400 908 3466; x_wconf 82' lang='lat' dir='ltr'>validos,</span> <span class='ocrx_word' id='word_1_209' title='bbox 942 3405 991 3456; x_wconf 88' lang='lat' dir='ltr'>aut</span> <span class='ocrx_word' id='word_1_210' title='bbox 1034 3398 1098 3458; x_wconf 89' lang='lat' dir='ltr'>aui·</span> 
     </span>
     <span class='ocr_line' id='line_1_32' title="bbox 222 3498 1098 3574; baseline 0.007 -24"><span class='ocrx_word' id='word_1_211' title='bbox 222 3501 289 3551; x_wconf 86' lang='lat' dir='ltr'>‘mo</span> <span class='ocrx_word' id='word_1_212' title='bbox 320 3502 496 3567; x_wconf 85' lang='lat' dir='ltr'>promptos:¹</span> <span class='ocrx_word' id='word_1_213' title='bbox 528 3503 679 3571; x_wconf 86' lang='lat' dir='ltr'>postquam</span> <span class='ocrx_word' id='word_1_214' title='bbox 705 3498 783 3555; x_wconf 90' lang='lat' dir='ltr'>iussa</span> <span class='ocrx_word' id='word_1_215' title='bbox 817 3498 933 3556; x_wconf 81' lang='lat' dir='ltr'>efficere</span> <span class='ocrx_word' id='word_1_216' title='bbox 956 3498 1098 3574; x_wconf 87' lang='lat' dir='ltr'>nequive-</span> 
     </span>
     <span class='ocr_line' id='line_1_33' title="bbox 223 3593 1096 3673; baseline 0.001 -19"><span class='ocrx_word' id='word_1_217' title='bbox 223 3593 360 3664; x_wconf 66' lang='lat' dir='ltr'>‘tinem</span> <span class='ocrx_word' id='word_1_218' title='bbox 386 3613 453 3673; x_wconf 83' lang='lat' dir='ltr'>spes</span> <span class='ocrx_word' id='word_1_219' title='bbox 474 3613 567 3654; x_wconf 88' lang='lat' dir='ltr'>novas</span> <span class='ocrx_word' id='word_1_220' title='bbox 592 3596 751 3659; x_wconf 87' lang='lat' dir='ltr'>transisse.’</span> <span class='ocrx_word' id='word_1_221' title='bbox 791 3598 880 3657; x_wconf 88' lang='lat' dir='ltr'>Vana</span> <span class='ocrx_word' id='word_1_222' title='bbox 903 3599 990 3667; x_wconf 82' lang='lat' dir='ltr'>haec,</span> <span class='ocrx_word' id='word_1_223' title='bbox 1015 3615 1096 3658; x_wconf 81' lang='lat' dir='ltr'>mom</span> 
     </span>
    </p>
   </div>
   <div class='ocr_carea' id='block_1_5' title="bbox 0 0 1266 4292">
    <p class='ocr_par' dir='ltr' id='par_1_5' title="bbox 0 0 1266 4292">
     <span class='ocr_line' id='line_1_34' title="bbox 0 0 1266 4292; baseline 0 0"><span class='ocrx_word' id='word_1_224' title='bbox 0 0 1266 4292; x_wconf 95' lang='lat' dir='ltr'> </span> 
     </span>
    </p>
   </div>
  </div>
 </body>
</html>
