2509 4292
44 253 198 372 nom
287 307 356 368 nm.
383 322 419 368 11.
471 321 550 367 cnr.
579 301 662 367 100.
692 299 772 367 101.
872 300 946 367 259

70 480 135 543 teet,
149 475 318 533 traxeritne
332 474 503 540 Caecinam,
513 493 551 532 un
566 471 657 550 (quod
671 472 773 531 evenit
794 473 870 531 inter
889 490 947 532 rnu-

71 576 120 644 loe,
134 582 166 631 ut
180 580 211 631 et
234 574 348 631 similes
372 571 453 648 eunt)
472 575 575 631 eudem
597 573 664 629 iitoe
688 574 819 645 praviter
839 572 948 646 inpule-

70 672 115 729 rit.
158 671 330 745 Scriptores
352 681 521 745 temporum,
538 672 598 747 qui,
619 671 751 745 potiente
766 688 859 727 rerum
882 672 1018 746 Fra-101

72 769 120 824 via
134 771 230 837 domo,
260 779 450 828 monumenta
475 771 545 828 belii
570 770 690 827 huiusce
715 776 948 842 composuerunt,

71 883 166 923 utram
175 868 262 945 pacis
275 876 302 927 et
315 886 436 926 umornu
458 867 637 946 Reipublicae
653 875 810 941 conruptae
834 868 866 926 in
880 870 948 926 udu-

71 967 209 1025 lationem
223 985 355 1036 emissus,
376 969 529 1027 tradidere.
553 969 656 1032 Nobis,
670 985 757 1040 super
775 967 894 1025 inuitum
909 971 948 1025 ie·

74 1065 202 1137 ritatem,
232 1074 275 1135 et,
305 1067 421 1141 prodito
444 1068 550 1135 Galba,
566 1069 656 1125 vilem
684 1084 752 1123 mox
776 1066 874 1134 tidem,
902 1084 949 1125 ae-

74 1166 229 1223 mulatione
252 1166 345 1224 etiam
373 1166 552 1241 invidiaque,
575 1184 612 1222 ne
633 1166 670 1221 ab
698 1164 764 1222 aliie
791 1168 866 1238 apud
895 1165 949 1223 Vi-

75 1264 182 1322 tellium
201 1268 379 1332 anteiretur,
400 1266 574 1337 pervertisse
599 1265 693 1336 ipsum
709 1264 831 1321 videtur.
874 1265 948 1322 Cae·

75 1361 148 1436 eina,
174 1365 312 1439 tegiones
340 1365 504 1429 adsecutus,
530 1363 741 1420 centurionum
767 1363 947 1437 militumque

77 1458 192 1528 animos,
218 1464 386 1520 obstinatos
414 1481 464 1535 pro
484 1463 620 1527 Vitertio,
639 1460 727 1517 veriie
747 1462 856 1517 ortibus
884 1464 948 1519 sub-

79 1561 190 1617 ruebut:
213 1564 312 1619 Basso
326 1563 428 1618 eadem
443 1561 576 1619 molienti
590 1560 684 1616 minor
703 1558 857 1616 difficultas
876 1565 947 1630 eret,

79 1655 183 1715 lubrica
210 1662 248 1717 nd
279 1662 449 1718 mutandam
478 1662 564 1717 fidem
590 1661 696 1728 eluere,
720 1660 759 1715 ob
779 1660 947 1717 memorium

80 1758 198 1816 recentis
213 1778 268 1834 pro
283 1760 402 1817 Othone
417 1759 549 1816 miiitiae.
