2509 4292
138 376 172 423 s.
188 374 216 423 c.
233 378 270 423 n.
380 377 449 424 crs.
468 379 514 426 rr.
565 380 643 426 car.
662 360 720 427 59.
748 361 806 431 60.
852 376 857 393 ·
942 362 1014 429 373

137 528 178 584 de
199 528 341 599 supremis
362 530 532 604 agitantem,
553 531 650 589 liberti
677 533 810 607 servique
831 535 1012 607 prohibuere,

137 626 338 684 foedissimam
359 635 480 689 mortem
500 637 605 703 sponte
632 632 813 703 praevenire.
865 633 905 688 Et
929 633 1011 690 Clas·

138 723 228 791 sicus,
260 725 349 785 misso
376 727 507 785 Aemilio
541 729 686 802 Longino,
719 731 865 786 desertore
899 730 1009 802 primae

139 822 275 894 legionis,
306 826 428 881 caedem
455 825 517 881 eins
545 827 711 883 maturavit.
772 828 953 885 Herennium
980 835 1011 886 et

138 916 316 989 Numisium,
351 914 487 998 Legatos,
521 924 628 983 vinciri
661 927 733 983 satis
768 927 871 983 visum.
893 953 895 956 >
920 928 1010 1011 Dein,

139 1021 263 1093 sumptis
291 1022 417 1079 Romani
444 1024 562 1095 Imperii
589 1025 759 1097 insignibus,
781 1025 811 1081 in
839 1030 934 1082 castra
962 1043 1010 1082 ve·

72 1110 78 1119 ¹
137 1119 195 1177 nit.
237 1120 305 1177 Nec
338 1122 392 1187 illi,
412 1137 584 1194 qnsmquam
617 1123 656 1180 sd
682 1140 768 1180 omne
796 1123 908 1180 lacinus
929 1125 1025 1181 dum·-
1113 1109 1115 1112 ’

137 1223 179 1284 to,
200 1219 290 1275 verba
317 1220 390 1274 ultra
417 1220 653 1291 suppeditavere,
676 1240 761 1294 quam
789 1230 820 1278 ut
848 1226 1010 1280 sacramen-

137 1321 200 1373 tum
229 1316 372 1373 recitaret.
415 1317 561 1385 lamere,
585 1319 634 1392 qui
655 1321 785 1386 aderant,
809 1338 863 1395 pro
889 1320 1010 1396 Imperio

138 1412 310 1471 chicmm.
372 1416 591 1472 Interfectorem
625 1418 761 1474 Voculae
801 1419 868 1474 altis
902 1419 1010 1475 ordini-

137 1515 199 1580 bus,
220 1520 344 1581 ceteros,
364 1518 396 1570 ut
419 1515 538 1588 quisque
559 1514 700 1585 flagitium
728 1522 899 1583 cavaverat,
929 1535 1009 1589 prae-

137 1612 204 1667 miis
238 1611 360 1668 adtollit.
422 1612 547 1668 Divisae
581 1610 650 1669 inde
687 1613 765 1669 inter
801 1614 944 1669 Tutorem
978 1625 1009 1670 et

134 1709 300 1776 Classicum
320 1726 415 1767 curae.
458 1711 668 1768 Tutor·valida
698 1729 784 1767 manu
814 1712 1007 1768 circumdatos

136 1808 381 1880 Agrippinenses,
405 1816 598 1882 quantumque
630 1809 754 1866 militum
783 1810 858 1881 apud
883 1810 1007 1881 superio·

133 1923 196 1963 rem
225 1907 323 1962 Rheni
350 1907 451 1978 ripam,
471 1907 503 1963 in
530 1908 633 1963 eadem
661 1909 750 1963 verba
778 1907 880 1980 adigit,
900 1908 1007 1964 occisis

136 2002 320 2076 Magantiaci
353 2004 502 2071 Tribunis,
537 2007 619 2076 pulso
651 2014 808 2061 castrorum
844 2006 1005 2073 Praefecto,

136 2103 186 2176 qui
199 2104 446 2159 detrectaverant.
488 2103 636 2159 Classicus
650 2104 896 2172 cormptissimunt
910 2121 1007 2175 quem·
1029 2119 1033 2126 ·

135 2217 223 2273 quee
244 2200 500 2272 deditis‘pergere
519 2200 555 2255 sd
584 2198 725 2255 obsessos’
753 2200 842 2264 iubet,
866 2202 1005 2257 ‘veniam

134 2302 347 2363 ‘ostentantes
365 2298 390 2355 si
412 2298 573 2371 praesentia
594 2303 800 2371 sequerentur:
821 2298 918 2354 aliter¹
930 2300 1003 2355 nibil

135 2398 227 2469 ‘spei
241 2396 346 2453 tamem
361 2398 519 2470 feriuntque
534 2402 562 2450 et
578 2403 710 2452 extrema
725 2390 874 2468 {laesuros’
914 2395 1003 2453 Acie·
1015 2402 1057 2457 60

136 2509 215 2562 cere,
235 2495 284 2566 qui
315 2494 394 2550 missi
419 2501 510 2561 erant,
538 2496 705 2565 exemplum
730 2493 838 2550 suum.'
863 2494 1003 2551 Obsessos

134 2591 205 2648 hinc
219 2592 308 2658 tides,
321 2591 389 2648 inde
409 2597 532 2665 egestas,
546 2591 622 2648 inter
635 2594 724 2647 decus
738 2609 773 2648 ac
789 2592 927 2665 flagitium
949 2595 1004 2649 dis·

134 2691 298 2746 trabebant.
340 2690 554 2746 Cunctantibus
579 2690 665 2746 solita
679 2691 849 2763 insolitaque
864 2692 1003 2748 alimenta

133 2788 255 2845 deerant
268 2806 277 2855 ς
298 2789 458 2859 absumptis
470 2788 607 2844 incientis
621 2789 758 2863 equisque
778 2797 807 2846 et
822 2793 928 2847 ceteris
942 2791 1002 2864 ani-

133 2885 266 2950 malibus,
288 2903 362 2958 quae
383 2887 500 2958 prolana
521 2887 663 2960 loedaque
688 2888 720 2943 in
734 2905 813 2943 nsum
842 2890 1000 2946 necessitas

134 2981 234 3040 vertit.
275 2983 411 3057 Virgults
438 2988 582 3056 postremo
601 2990 632 3041 et
657 2985 761 3055 stirpes
785 2990 816 3039 et
841 2985 1001 3042 internatas

131 3081 212 3136 saxis
227 3081 330 3136 herbas
346 3083 496 3147 vellentes,
513 3081 690 3138 miseriarum
704 3080 919 3155 patientiaeque
932 3085 999 3139 doe·

131 3184 282 3235 umectum
309 3179 409 3235 luere:
428 3179 522 3236 ‹lonsc
550 3178 830 3253 egregiamlaudem
857 3180 915 3235 fine
945 3186 999 3236 tur·

133 3275 163 3348 pi
193 3280 381 3341 macularent,
411 3276 506 3334 missis
533 3279 568 3334 ad
605 3276 734 3335 Civilem
767 3276 881 3349 legatis,
914 3275 1000 3334 vitam

133 3380 260 3434 orantes.
313 3375 415 3448 Neque
450 3380 518 3431 ante
548 3392 649 3447 preces
677 3375 831 3442 admissae,
855 3390 940 3449 quarn
968 3378 999 3433 in

133 3473 225 3526 verba
247 3471 410 3528 Galliarum
435 3472 571 3529 iurarent.
624 3474 713 3542 Tum,
741 3479 844 3547 pactus
864 3473 1001 3550 praedone

135 3574 302 3638 rastromm,
332 3571 383 3629 dat
415 3571 561 3637 custodes,
576 3607 579 3611 ι
593 3572 643 3647 qui
676 3573 839 3647 pecuniam,
872 3575 1003 3641 catones,

174 3683 245 3725 son.
267 3685 302 3724 ιι.
540 3666 608 3725 32”ι
