2509 4292
262 342 310 411 88
583 363 769 412 suusnrrrr
984 368 1012 413 s.
1028 364 1137 414 aare.

259 517 370 590 ‘ipsum
396 533 507 593 quoque
537 515 695 585 vincirent,
721 522 867 591 postremo
899 517 1020 592 indigna
1054 535 1139 577 nece

258 618 446 674 ‘adficerenb
501 617 620 688 Quanto
654 617 826 675 laudabilius
861 617 1027 691 periturum,
1060 618 1140 675 dum

259 716 461 788 ‘amplectitur
492 714 735 788 rempublicam,
757 717 826 773 dum
856 715 967 773 auxilia
1001 715 1140 773 libertati

259 814 408 872 ‘invocat
450 814 538 872 Miles
552 813 648 888 potius
662 816 776 873 deesset
789 820 819 871 et
843 816 943 887 plebes
964 815 1140 883 desereret;

260 913 346 970 ‘dum
361 914 422 985 ipsc
436 913 600 979 maioribus,
614 915 682 971 dum
697 914 828 986 posteris,
841 913 867 970 si
879 914 941 970 vita
955 912 1140 986 praeripere-

259 1017 333 1078 ‘tur,
348 1018 468 1070 mortem
481 1013 654 1084 adprobaret
665 1011 685 1071 l’
706 1014 839 1071 lumotus
854 1012 907 1082 his,
923 1017 953 1070 et
969 1013 1137 1084 paullulum

260 1111 290 1167 in
306 1111 421 1183 publico
437 1117 576 1177 versatus,
597 1118 662 1183 post
675 1112 753 1169 domi
774 1118 916 1177 secretus,
930 1111 1059 1169 animum
1081 1112 1140 1169 arl-
1211 1178 1214 1186 Ι

261 1216 374 1266 uersum
386 1226 520 1282 suprema
543 1211 684 1278 firmabat,
704 1213 799 1268 donec
820 1227 922 1268 manus
935 1210 1059 1268 militum
1079 1211 1138 1267 ad·

261 1308 381 1371 leniret,
401 1325 473 1381 quos
501 1310 583 1366 Nero
610 1310 718 1367 tirones
740 1317 789 1367 aut
820 1308 973 1382 stipendiis
994 1301 1135 1365 recentes

257 1409 417 1479 delegerat.
458 1408 537 1466 Nam
559 1415 643 1466 vetus
664 1410 749 1466 miles
783 1389 947 1473 timebatur,
981 1413 1137 1482 tamquam

257 1512 358 1570 t‘arore
387 1511 513 1568 inbutus.
555 1509 647 1576 Obiit,
669 1506 797 1580 abruptis
825 1507 1006 1564 brachiorum
1035 1507 1135 1565 venis.

259 1609 484 1667 Testamentum
496 1609 588 1665 toedio
601 1609 740 1665 adversur
756 1606 903 1663 Neronem
914 1605 1133 1665 adulationibus
1202 1652 1211 1661 r

256 1709 348 1766 cruori
369 1708 467 1766 uxoris
488 1707 591 1764 dedit:
612 1723 698 1780 quam
719 1706 905 1780 degenerem,
930 1710 959 1763 et
980 1707 1043 1762 sola
1066 1721 1139 1763 cor·

257 1806 336 1881 poris
348 1807 439 1865 iorma
451 1806 697 1871 commendatam,
718 1804 805 1862 amici
827 1804 1011 1863 matrimonio
1032 1806 1134 1862 abstu-

256 1907 339 1964 lerat.
381 1908 500 1964 Nomen
523 1903 650 1962 mulieris
676 1903 763 1961 Arria
777 1904 884 1974 Gatta3
905 1903 991 1976 prioii
1006 1902 1131 1972 marito,

258 2005 405 2064 Domitius
431 2004 528 2063 Silua:
551 2001 605 2061 ,hic
627 2002 778 2075 patientia,
797 2004 848 2061 illa
876 2000 1133 2075 inpudicitiam·
1243 2040 1244 2067 1

205 2098 246 2156 60
256 2106 336 2162 sonis
346 2104 494 2162 infamiam
504 2118 710 2177 propagavere.
753 2101 920 2159 Proximam
930 2118 1032 2159 necem
1043 2100 1132 2159 Plau·

258 2203 291 2260 tii
314 2203 463 2270 Laterani,
476 2202 613 2261 Consulis
634 2199 789 2276 designati,
812 2201 894 2258 Nero
918 2199 1058 2273 adiungit,
1078 2200 1132 2257 orl·

256 2317 294 2358 eo
318 2306 491 2373 properent
504 2319 563 2359 rson
583 2300 744 2372 complecti
759 2300 873 2367 liberos,
895 2317 953 2357 nou
973 2298 1045 2356 illud
1067 2299 1131 2356 bre·

257 2417 295 2456 ve
310 2400 409 2457 mortis
432 2399 583 2457 arbitrium
608 2399 796 2471 permitteret.
839 2399 953 2470 Raptus
975 2397 1005 2454 in
1029 2399 1130 2455 locum

256 2497 411 2553 servilibus
434 2498 536 2569 poenis
559 2498 728 2570 sepositum,
749 2514 837 2555 manu
858 2496 956 2563 Statii,
988 2495 1129 2562 Tribuni,
1242 2554 1243 2563 ¹

260 2593 433 2661 trucidatur,
457 2597 561 2669 plenus
587 2597 749 2654 constantis
776 2595 896 2661 silentii,
917 2613 972 2653 uec
995 2595 1134 2652 Tribuno
1242 2588 1243 2629 ³

259 2691 406 2750 obiiciens
416 2694 540 2751 eandem
550 2695 771 2753 conscientiam.
794 2695 930 2769 Sequitur
947 2695 1053 2751 caedes
1065 2694 1131 2750 An·

257 2790 324 2849 naci
340 2791 482 2860 Senecae,
493 2792 652 2850 laetissima
667 2794 808 2868 Principi,
828 2810 887 2850 nou
905 2793 973 2866 quia
996 2791 1130 2849 coniura-

258 2889 344 2948 tionis
369 2890 554 2950 manifestum
567 2898 757 2965 compererat,
780 2893 832 2949 sed
846 2898 878 2948 ut
890 2892 965 2948 terro
985 2908 1129 2965 grassare-

256 2999 310 3059 tur,
323 2993 439 3067 quando
460 3009 607 3051 venenum
627 3010 686 3049 non
710 2998 898 3065 processerat.
940 2993 1025 3049 Solus
1046 2991 1128 3066 quip

255 3110 293 3165 pe
312 3091 425 3149 Natalis
439 3098 469 3148 et
490 3093 631 3149 hactenus
646 3091 802 3163 prompsit:
823 3090 960 3147 ‘missum
974 3108 1006 3146 se
1027 3092 1065 3148 ad
1079 3108 1128 3148 ae·
1240 3114 1242 3153 r

256 3198 387 3265 ‘grotum
403 3193 557 3258 Senecam,
581 3190 623 3247 uti
640 3190 748 3246 viseret
762 3195 1051 3264 conquerereturque,
1074 3207 1128 3247 cur

255 3291 414 3348 ‘Pisonem
437 3289 517 3347 aditu
541 3287 677 3346 arceret?
696 3289 799 3346 melius
821 3288 890 3354 tore,
914 3287 939 3344 si
964 3289 1127 3346 amicitiam

255 3390 410 3447 ‘familiari
421 3405 577 3463 congressu
589 3386 807 3446 exercuissent.¹
826 3387 866 3446 Et
877 3387 1062 3461 respondisse
1076 3390 1127 3446 Se·

285 3560 357 3606 Breve
366 3561 443 3606 morlia
456 3562 587 3623 arbitrium]
618 3563 722 3609 Profecto
737 3561 813 3610 breve.
844 3561 904 3608 Nam
919 3562 1128 3615 peremtum

256 3633 301 3667 rrrn
310 3620 406 3675 amptius
413 3633 478 3678 quum
488 3619 604 3667 terrarium
613 3622 708 3680 spatium
715 3621 788 3670 dubet.
819 3621 881 3699 ῥῖψε.
