2509 4292
93 356 247 407 acro.¹
333 356 403 403 arn.
432 357 479 404 rr.
531 339 609 405 c‘ar.
639 340 773 404 14.15.
897 335 968 404 337

94 516 191 568 ‘stare
212 510 369 576 delectum,
387 527 445 582 quo
472 510 555 567 tiberi
583 525 600 565 a
629 511 806 582 parentibus,
829 510 930 567 tratres
949 528 968 567 a

94 608 257 674 ‘tratribus
288 610 368 665 velut
391 625 554 681 supremum
578 609 756 667 dividantur.
812 610 968 681 Nunquam

93 709 210 782 ‘magis
223 708 372 764 adflictam
384 725 445 764 rem
469 708 641 772 Romanam,
656 726 712 764 nec
737 708 816 764 aliud
830 708 861 763 in
876 708 969 762 biber·

93 808 172 874 ‘nin
186 824 271 882 quam
285 808 421 878 praedam
435 814 464 863 et
479 824 573 863 senes.
585 808 760 866 adtollereut
775 812 887 862 tantum
901 822 968 861 ocu.-
1029 795 1033 801 ’

93 910 161 964 ‘los
174 914 205 963 et
215 906 314 963 inania
325 906 473 979 legionum
485 906 603 962 nomina
617 924 655 962 ne
670 910 872 977 pavescerent.
888 911 918 959 at
932 903 975 960 si··

92 1008 145 1064 ‘bi
161 1008 246 1062 robur
267 1005 397 1078 peditum
422 1004 625 1078 equitumque:
647 1004 881 1076 consanguineos
896 1001 968 1058 Ger·

92 1111 238 1162 ‘monost
259 1103 373 1159 Gallias
397 1103 475 1159 idem
495 1104 666 1173 cupientes:
687 1121 725 1160 ne
749 1101 887 1159 Romanis
908 1100 967 1175 qni·

93 1205 182 1260 ‘dem
196 1201 341 1274 ingratum
355 1201 385 1257 id
400 1201 516 1267 bellum,
540 1202 622 1258 cuius
648 1202 812 1275 ambiguam
824 1201 966 1256 fortunam

94 1300 300 1372 ‘Vespasiano
314 1300 494 1371 inputaturus
506 1319 512 1353 ε
530 1299 670 1356 victoriae
683 1301 825 1356 rationem
835 1315 893 1355 non
904 1298 966 1354 red·

96 1397 166 1456 ‘di'
207 1399 318 1471 Magno
337 1414 405 1453 cum
424 1398 548 1454 adsensu
569 1399 693 1464 amlitus,
714 1400 834 1455 barbaro
856 1398 910 1454 ritu
935 1402 965 1453 et
978 1390 1018 1448 15

95 1497 199 1571 patriis
223 1496 473 1553 exsecrationibus
496 1496 649 1553 universos
673 1497 773 1570 adigit.
816 1496 901 1553 Missi
927 1497 966 1554 ml

94 1595 315 1658 Canninefates,
330 1594 378 1667 qui
401 1594 526 1652 consilia
548 1595 704 1651 sociarent.
746 1593 789 1650 Ea
811 1612 883 1667 gens
904 1612 966 1667 par·

97 1702 158 1752 tem
195 1696 308 1751 insulae
340 1694 420 1758 colit,
454 1694 576 1767 origine,
620 1692 729 1767 lingua,
763 1692 881 1759 virtute,
914 1709 966 1765 par
1011 1709 1015 1714 ’

94 1792 241 1861 Batavis3
276 1810 394 1849 nomem
420 1798 599 1865 superantur.
642 1791 716 1848 Mox
742 1790 867 1866 occultis
894 1808 966 1847 nun·

94 1891 143 1949 tiis
174 1892 299 1963 pertexit
328 1891 497 1948 Britannico
524 1890 644 1957 auxilia,
663 1890 842 1949 Batavorum
863 1891 964 1947 cobor-

93 1996 150 2056 tes,
176 1990 279 2045 missas
299 1989 330 2046 in
354 1989 553 2056 Germaniam,
578 1997 608 2045 ut
632 2005 716 2060 supra
742 1989 901 2054 retulimus,
928 2004 969 2044 ac·

91 2096 156 2147 tum
181 2087 361 2161 Mogontiaci
387 2096 517 2161 agentes.
534 2099 542 2106 ’
558 2087 630 2143 Erat
658 2086 689 2142 in
717 2086 960 2143 Canninefatibus

90 2188 218 2245 stolidae
239 2187 378 2243 audaciae
400 2186 521 2251 Brinno,
535 2184 669 2242 claritate
690 2182 830 2240 natalium
845 2182 963 2255 insigni.

90 2292 177 2361 pater
201 2286 272 2351 cius,
296 2286 386 2342 multo
413 2285 532 2341 hostilia
555 2299 649 2347 susus,
676 2281 852 2362 Gaianarum
876 2299 963 2353 expe·

90 2385 237 2443 ditionum
265 2383 418 2441 ludibrium
443 2383 552 2454 inpune
580 2383 740 2453 spreverat.
781 2379 873 2452 Igitur
899 2379 964 2451 ipso

92 2483 215 2540 rebellis
241 2483 369 2538 familiae
396 2481 514 2545 nomino
539 2479 657 2553 placuit,
677 2478 876 2552 inpositusque
901 2495 964 2535 scu·

92 2588 134 2647 to,
166 2598 246 2637 more
273 2579 378 2653 gentis,
411 2586 441 2635 et
474 2578 677 2635 sustinentium
711 2577 837 2633 humeris
871 2578 963 2634 tibru-

90 2685 150 2745 tus,
174 2680 243 2734 Dux
257 2679 403 2750 deligitur.
429 2678 591 2751 Statimque
615 2677 719 2734 accitis
742 2676 845 2735 Frisiis
859 2673 963 2753 (traus-

91 2779 224 2835 rhenaua
237 2785 308 2851 gens
331 2773 390 2852 est)
411 2777 530 2832 duamm
543 2775 850 2844 cohortiumbiberna,
879 2794 962 2850 prox·

91 2905 120 2978 14
131 2933 190 2989 (28).
202 2931 239 2977 ubi
251 2931 353 2978 rinusde
367 2929 442 2977 aranei
457 2929 563 2986 reticulis,
579 2930 658 2991 quibus
674 2928 712 2989 qni
727 2929 867 2990 inplicantur,
879 2930 962 2976 exitum

91 3005 137 3037 non
148 2990 233 3036 bahent
243 2994 383 3051 praedaeque
393 2993 450 3036 sunt.

121 3067 160 3115 Ne
169 3068 279 3114 Ramoms
288 3068 375 3127 quidem
389 3068 506 3125 ingratam
520 3066 546 3112 id
560 3066 651 3125 tellum]
684 3066 763 3110 Sensm
778 3070 830 3110 est:
853 3063 962 3110 Romanis

90 3133 179 3187 gratum
200 3126 304 3173 lacteam
323 3124 383 3172 bello
403 3128 520 3181 movendo,
539 3125 591 3229 quia
609 3123 725 3184 putabunt,
745 3123 767 3167 id
788 3123 810 3167 in
829 3121 961 3180 Vespasiani

92 3186 190 3242 gratiam
201 3193 284 3231 motum
294 3200 349 3231 esse.
378 3187 467 3245 ltaque,
483 3185 501 3230 si
511 3199 548 3229 ura
557 3199 570 3229 e
579 3183 716 3236 successerit,
731 3181 818 3239 eulpam
829 3179 961 3239 Vespasiani

90 3246 140 3291 sore
150 3245 234 3290 iudicio
248 3245 315 3290 Rom.
332 3244 372 3289 sibi
388 3244 420 3289 nil
435 3243 584 3288 metuendum.
616 3240 674 3288 Mox
688 3240 727 3285 udi
746 3240 761 3284 't
775 3239 867 3284 barbaro
877 3253 898 3284 r.
909 3243 928 3284 el
936 3254 959 3295 p.
1001 3286 1002 3289 ,

16 3342 17 3365 ,
90 3318 158 3350 soree
171 3309 204 3348 est
215 3303 311 3349 imitatio
319 3303 429 3348 formulae
438 3302 528 3358 adigere
538 3304 681 3347 sacramento.
766 3332 772 3343 .

119 3381 326 3485 Partcmlqsulnql
355 3380 523 3450 occidentalem
538 3385 624 3440 partem
639 3376 733 3449 insulae,
749 3384 773 3422 et
787 3375 879 3421 Oceano
888 3374 960 3433 proxi·

90 3455 158 3488 mam.
190 3441 274 3487 l'tmrus
294 3440 304 3486 l
329 3473 336 3493 ,
359 3445 383 3486 to
410 3440 548 3492 mistrinam
566 3438 704 3484 Batauorum
719 3436 796 3486 ansula
811 3439 830 3481 et
846 3434 961 3482 Caducae

84 3500 174 3555 sotum.
206 3498 240 3546 lbi
250 3514 308 3545 nunc
324 3497 371 3545 Tic
380 3498 471 3556 Hogue,
481 3497 619 3555 liuderdam,
628 3505 671 3543 etc.

123 3577 273 3638 Mogontiaci]
305 3577 371 3625 Nunc
381 3578 496 3637 Mapoura.

130 3677 201 3721 vor..
222 3680 256 3726 lt·
561 3654 626 3715 29*
