<?xml version="1.0" encoding="UTF-8"?>
<!DOCTYPE html PUBLIC "-//W3C//DTD XHTML 1.0 Transitional//EN"
    "http://www.w3.org/TR/xhtml1/DTD/xhtml1-transitional.dtd">
<html xmlns="http://www.w3.org/1999/xhtml" xml:lang="en" lang="en">
 <head>
  <title>
</title>
<meta http-equiv="Content-Type" content="text/html;charset=utf-8" />
  <meta name='ocr-system' content='tesseract 3.04.00' />
  <meta name='ocr-capabilities' content='ocr_page ocr_carea ocr_par ocr_line ocrx_word'/>
</head>
<body>
  <div class='ocr_page' id='page_1' title='image "./ccorneliitaciti03brotgoog_0066.png"; bbox 0 0 2509 4292; ppageno 0'>
   <div class='ocr_carea' id='block_1_1' title="bbox 269 382 1151 449">
    <p class='ocr_par' dir='ltr' id='par_1_1' title="bbox 269 382 1151 449">
     <span class='ocr_line' id='line_1_1' title="bbox 269 382 1151 449; baseline -0.003 0"><span class='ocrx_word' id='word_1_1' title='bbox 269 382 317 449; x_wconf 79' lang='lat' dir='ltr'><strong>tt</strong></span> <span class='ocrx_word' id='word_1_2' title='bbox 601 393 786 445; x_wconf 65' lang='lat' dir='ltr'><strong>ausurum</strong></span> <span class='ocrx_word' id='word_1_3' title='bbox 995 399 1026 445; x_wconf 80' lang='lat' dir='ltr'><strong>a.</strong></span> <span class='ocrx_word' id='word_1_4' title='bbox 1041 396 1073 445; x_wconf 76' lang='lat' dir='ltr'><strong>v,</strong></span> <span class='ocrx_word' id='word_1_5' title='bbox 1088 399 1151 446; x_wconf 85' lang='lat' dir='ltr'><strong>arc.</strong></span> 
     </span>
    </p>
   </div>
   <div class='ocr_carea' id='block_1_2' title="bbox 215 547 1152 1813">
    <p class='ocr_par' dir='ltr' id='par_1_2' title="bbox 215 547 1152 1813">
     <span class='ocr_line' id='line_1_2' title="bbox 265 547 1151 613; baseline -0.005 0"><span class='ocrx_word' id='word_1_6' title='bbox 265 554 428 613; x_wconf 79' lang='lat' dir='ltr'><strong>‘adversus</strong></span> <span class='ocrx_word' id='word_1_7' title='bbox 454 548 642 609; x_wconf 71' lang='lat' dir='ltr'><strong>insidiantem</strong></span> <span class='ocrx_word' id='word_1_8' title='bbox 666 557 788 608; x_wconf 86' lang='lat' dir='ltr'><strong>matrem</strong></span> <span class='ocrx_word' id='word_1_9' title='bbox 812 547 1005 607; x_wconf 83' lang='lat' dir='ltr'><strong>subvenisse:</strong></span> <span class='ocrx_word' id='word_1_10' title='bbox 1041 552 1151 609; x_wconf 81' lang='lat' dir='ltr'><strong>iocum</strong></span> 
     </span>
     <span class='ocr_line' id='line_1_3' title="bbox 267 648 1151 726; baseline -0.003 -15"><span class='ocrx_word' id='word_1_11' title='bbox 267 654 367 711; x_wconf 88' lang='lat' dir='ltr'><strong>‘baud</strong></span> <span class='ocrx_word' id='word_1_12' title='bbox 382 652 500 710; x_wconf 76' lang='lat' dir='ltr'><strong>minoris</strong></span> <span class='ocrx_word' id='word_1_13' title='bbox 514 650 624 726; x_wconf 76' lang='lat' dir='ltr'><strong>gratiae</strong></span> <span class='ocrx_word' id='word_1_14' title='bbox 645 650 764 716; x_wconf 86' lang='lat' dir='ltr'><strong>instare,</strong></span> <span class='ocrx_word' id='word_1_15' title='bbox 777 649 803 706; x_wconf 89' lang='lat' dir='ltr'><strong>ai</strong></span> <span class='ocrx_word' id='word_1_16' title='bbox 824 648 979 723; x_wconf 75' lang='lat' dir='ltr'><strong>‹muiugem</strong></span> <span class='ocrx_word' id='word_1_17' title='bbox 995 650 1151 708; x_wconf 86' lang='lat' dir='ltr'><strong>intensam</strong></span> 
     </span>
     <span class='ocr_line' id='line_1_4' title="bbox 267 748 1151 825; baseline -0.003 -15"><span class='ocrx_word' id='word_1_18' title='bbox 267 753 459 825; x_wconf 68' lang='lat' dir='ltr'><strong>‘dapettereb</strong></span> <span class='ocrx_word' id='word_1_19' title='bbox 480 767 536 809; x_wconf 87' lang='lat' dir='ltr'><strong>nec</strong></span> <span class='ocrx_word' id='word_1_20' title='bbox 551 767 639 807; x_wconf 91' lang='lat' dir='ltr'><strong>manu</strong></span> <span class='ocrx_word' id='word_1_21' title='bbox 653 754 702 805; x_wconf 90' lang='lat' dir='ltr'><strong>aut</strong></span> <span class='ocrx_word' id='word_1_22' title='bbox 726 750 787 806; x_wconf 84' lang='lat' dir='ltr'><strong>teto</strong></span> <span class='ocrx_word' id='word_1_23' title='bbox 807 766 899 821; x_wconf 87' lang='lat' dir='ltr'><strong>opus:</strong></span> <span class='ocrx_word' id='word_1_24' title='bbox 920 748 1059 806; x_wconf 79' lang='lat' dir='ltr'><strong>fateretur</strong></span> <span class='ocrx_word' id='word_1_25' title='bbox 1083 749 1151 807; x_wconf 88' lang='lat' dir='ltr'><strong>Oc·</strong></span> 
     </span>
     <span class='ocr_line' id='line_1_5' title="bbox 267 847 1150 921; baseline -0.006 -11"><span class='ocrx_word' id='word_1_26' title='bbox 267 851 388 909; x_wconf 87' lang='lat' dir='ltr'><strong>‘taviae</strong></span> <span class='ocrx_word' id='word_1_27' title='bbox 411 850 593 907; x_wconf 74' lang='lat' dir='ltr'><strong>adulterium.</strong></span> <span class='ocrx_word' id='word_1_28' title='bbox 636 848 762 909; x_wconf 88' lang='lat' dir='ltr'><strong>Oucutta</strong></span> <span class='ocrx_word' id='word_1_29' title='bbox 789 847 905 921; x_wconf 84' lang='lat' dir='ltr'><strong>quidem</strong></span> <span class='ocrx_word' id='word_1_30' title='bbox 930 849 968 904; x_wconf 85' lang='lat' dir='ltr'><strong>ad</strong></span> <span class='ocrx_word' id='word_1_31' title='bbox 993 864 1150 920; x_wconf 84' lang='lat' dir='ltr'><strong>praesens,</strong></span> 
     </span>
     <span class='ocr_line' id='line_1_6' title="bbox 266 945 1152 1023; baseline -0.002 -15"><span class='ocrx_word' id='word_1_32' title='bbox 266 952 340 1008; x_wconf 84' lang='lat' dir='ltr'><strong>‘sed</strong></span> <span class='ocrx_word' id='word_1_33' title='bbox 356 948 502 1023; x_wconf 78' lang='lat' dir='ltr'><strong>magnaei</strong></span> <span class='ocrx_word' id='word_1_34' title='bbox 527 947 664 1020; x_wconf 78' lang='lat' dir='ltr'><strong>praemia,</strong></span> <span class='ocrx_word' id='word_1_35' title='bbox 691 952 722 1004; x_wconf 93' lang='lat' dir='ltr'><strong>et</strong></span> <span class='ocrx_word' id='word_1_36' title='bbox 746 963 877 1004; x_wconf 88' lang='lat' dir='ltr'><strong>secessus</strong></span> <span class='ocrx_word' id='word_1_37' title='bbox 902 945 1051 1004; x_wconf 87' lang='lat' dir='ltr'><strong>amoenus’</strong></span> <span class='ocrx_word' id='word_1_38' title='bbox 1077 964 1152 1019; x_wconf 90' lang='lat' dir='ltr'><strong>pro·</strong></span> 
     </span>
     <span class='ocr_line' id='line_1_7' title="bbox 267 1043 1151 1122; baseline -0.003 -15"><span class='ocrx_word' id='word_1_39' title='bbox 267 1049 369 1115; x_wconf 83' lang='lat' dir='ltr'><strong>mittit,</strong></span> <span class='ocrx_word' id='word_1_40' title='bbox 383 1057 392 1082; x_wconf 76' lang='lat'>⁶</span> <span class='ocrx_word' id='word_1_41' title='bbox 404 1050 463 1112; x_wconf 84' lang='lat' dir='ltr'><strong>vel,</strong></span> <span class='ocrx_word' id='word_1_42' title='bbox 473 1047 499 1104; x_wconf 90' lang='lat' dir='ltr'><strong>si</strong></span> <span class='ocrx_word' id='word_1_43' title='bbox 509 1046 689 1122; x_wconf 75' lang='lat' dir='ltr'><strong>negavisset.</strong></span> <span class='ocrx_word' id='word_1_44' title='bbox 699 1043 812 1103; x_wconf 81' lang='lat' dir='ltr'><strong>necem&#39;</strong></span> <span class='ocrx_word' id='word_1_45' title='bbox 823 1045 961 1103; x_wconf 86' lang='lat' dir='ltr'><strong>intentat.</strong></span> <span class='ocrx_word' id='word_1_46' title='bbox 982 1045 1039 1102; x_wconf 86' lang='lat' dir='ltr'><strong>lite</strong></span> <span class='ocrx_word' id='word_1_47' title='bbox 1050 1046 1151 1104; x_wconf 85' lang='lat' dir='ltr'><strong>insita</strong></span> 
     </span>
     <span class='ocr_line' id='line_1_8' title="bbox 267 1140 1150 1220; baseline -0.005 -13"><span class='ocrx_word' id='word_1_48' title='bbox 267 1147 415 1212; x_wconf 80' lang='lat' dir='ltr'><strong>vecordia,</strong></span> <span class='ocrx_word' id='word_1_49' title='bbox 426 1151 456 1204; x_wconf 86' lang='lat' dir='ltr'><strong>ct</strong></span> <span class='ocrx_word' id='word_1_50' title='bbox 466 1145 609 1204; x_wconf 81' lang='lat' dir='ltr'><strong>facilitate</strong></span> <span class='ocrx_word' id='word_1_51' title='bbox 620 1146 745 1220; x_wconf 90' lang='lat' dir='ltr'><strong>priorum</strong></span> <span class='ocrx_word' id='word_1_52' title='bbox 755 1145 938 1218; x_wconf 81' lang='lat' dir='ltr'><strong>flagitiorum,</strong></span> <span class='ocrx_word' id='word_1_53' title='bbox 947 1140 1028 1217; x_wconf 83' lang='lat' dir='ltr'><strong>ptura</strong></span> <span class='ocrx_word' id='word_1_54' title='bbox 1039 1144 1150 1215; x_wconf 84' lang='lat' dir='ltr'><strong>etiam,</strong></span> 
     </span>
     <span class='ocr_line' id='line_1_9' title="bbox 267 1243 1151 1322; baseline -0.001 -19"><span class='ocrx_word' id='word_1_55' title='bbox 267 1263 353 1322; x_wconf 68' lang='lat' dir='ltr'><strong>msam</strong></span> <span class='ocrx_word' id='word_1_56' title='bbox 380 1246 490 1303; x_wconf 88' lang='lat' dir='ltr'><strong>iussum</strong></span> <span class='ocrx_word' id='word_1_57' title='bbox 516 1251 588 1312; x_wconf 86' lang='lat' dir='ltr'><strong>erat,</strong></span> <span class='ocrx_word' id='word_1_58' title='bbox 615 1244 709 1318; x_wconf 79' lang='lat' dir='ltr'><strong>tingit,</strong></span> <span class='ocrx_word' id='word_1_59' title='bbox 735 1244 896 1318; x_wconf 84' lang='lat' dir='ltr'><strong>tuteturque</strong></span> <span class='ocrx_word' id='word_1_60' title='bbox 920 1243 998 1317; x_wconf 89' lang='lat' dir='ltr'><strong>apud</strong></span> <span class='ocrx_word' id='word_1_61' title='bbox 1021 1243 1151 1315; x_wconf 82' lang='lat' dir='ltr'><strong>amicos,</strong></span> 
     </span>
     <span class='ocr_line' id='line_1_10' title="bbox 266 1341 1147 1420; baseline -0.003 -17"><span class='ocrx_word' id='word_1_62' title='bbox 266 1362 338 1420; x_wconf 84' lang='lat' dir='ltr'><strong>quos</strong></span> <span class='ocrx_word' id='word_1_63' title='bbox 359 1345 440 1403; x_wconf 86' lang='lat' dir='ltr'><strong>vetut</strong></span> <span class='ocrx_word' id='word_1_64' title='bbox 463 1345 590 1403; x_wconf 77' lang='lat' dir='ltr'><strong>consilio</strong></span> <span class='ocrx_word' id='word_1_65' title='bbox 613 1343 786 1401; x_wconf 74' lang='lat' dir='ltr'><strong>adhibuerat</strong></span> <span class='ocrx_word' id='word_1_66' title='bbox 809 1342 959 1415; x_wconf 84' lang='lat' dir='ltr'><strong>Princeps.</strong></span> <span class='ocrx_word' id='word_1_67' title='bbox 1004 1341 1084 1399; x_wconf 74' lang='lat' dir='ltr'><strong>&#39;l&#39;um</strong></span> <span class='ocrx_word' id='word_1_68' title='bbox 1110 1342 1147 1401; x_wconf 89' lang='lat' dir='ltr'><strong>in</strong></span> 
     </span>
     <span class='ocr_line' id='line_1_11' title="bbox 268 1441 1147 1519; baseline -0.005 -16"><span class='ocrx_word' id='word_1_69' title='bbox 268 1445 436 1503; x_wconf 76' lang='lat' dir='ltr'><strong>Sardiniam</strong></span> <span class='ocrx_word' id='word_1_70' title='bbox 456 1445 583 1519; x_wconf 79' lang='lat' dir='ltr'><strong>peditur,</strong></span> <span class='ocrx_word' id='word_1_71' title='bbox 607 1443 658 1502; x_wconf 91' lang='lat' dir='ltr'><strong>ubi</strong></span> <span class='ocrx_word' id='word_1_72' title='bbox 680 1460 739 1499; x_wconf 83' lang='lat' dir='ltr'><strong>nou</strong></span> <span class='ocrx_word' id='word_1_73' title='bbox 763 1441 849 1514; x_wconf 89' lang='lat' dir='ltr'><strong>inops</strong></span> <span class='ocrx_word' id='word_1_74' title='bbox 873 1441 1010 1498; x_wconf 84' lang='lat' dir='ltr'><strong>exsitium</strong></span> <span class='ocrx_word' id='word_1_75' title='bbox 1036 1443 1147 1500; x_wconf 87' lang='lat' dir='ltr'><strong>totera-</strong></span> 
     </span>
     <span class='ocr_line' id='line_1_12' title="bbox 215 1532 1146 1614; baseline -0.004 -12"><span class='ocrx_word' id='word_1_76' title='bbox 215 1532 321 1612; x_wconf 66' lang='lat' dir='ltr'><strong>tivit,</strong></span> <span class='ocrx_word' id='word_1_77' title='bbox 335 1551 365 1602; x_wconf 91' lang='lat' dir='ltr'><strong>et</strong></span> <span class='ocrx_word' id='word_1_78' title='bbox 385 1544 446 1601; x_wconf 87' lang='lat' dir='ltr'><strong>tatu</strong></span> <span class='ocrx_word' id='word_1_79' title='bbox 469 1544 553 1601; x_wconf 87' lang='lat' dir='ltr'><strong>obiit.</strong></span> <span class='ocrx_word' id='word_1_80' title='bbox 595 1542 639 1602; x_wconf 79' lang='lat' dir='ltr'><strong>At</strong></span> <span class='ocrx_word' id='word_1_81' title='bbox 662 1543 751 1608; x_wconf 89' lang='lat' dir='ltr'><strong>Nem,</strong></span> <span class='ocrx_word' id='word_1_82' title='bbox 776 1541 984 1598; x_wconf 80' lang='lat' dir='ltr'><strong>‘Praefectum</strong></span> <span class='ocrx_word' id='word_1_83' title='bbox 1005 1539 1036 1597; x_wconf 92' lang='lat' dir='ltr'><strong>in</strong></span> <span class='ocrx_word' id='word_1_84' title='bbox 1056 1558 1146 1614; x_wconf 90' lang='lat' dir='ltr'><strong>spem</strong></span> 
     </span>
     <span class='ocr_line' id='line_1_13' title="bbox 265 1638 1146 1714; baseline -0.002 -15"><span class='ocrx_word' id='word_1_85' title='bbox 265 1644 441 1701; x_wconf 83' lang='lat' dir='ltr'><strong>‘sociandae</strong></span> <span class='ocrx_word' id='word_1_86' title='bbox 467 1641 570 1699; x_wconf 83' lang='lat' dir='ltr'><strong>classis</strong></span> <span class='ocrx_word' id='word_1_87' title='bbox 596 1638 782 1714; x_wconf 88' lang='lat' dir='ltr'><strong>corruptum‚&#39;</strong></span> <span class='ocrx_word' id='word_1_88' title='bbox 812 1644 843 1697; x_wconf 86' lang='lat' dir='ltr'><strong>et</strong></span> <span class='ocrx_word' id='word_1_89' title='bbox 864 1641 1017 1697; x_wconf 77' lang='lat' dir='ltr'><strong>incusatae</strong></span> <span class='ocrx_word' id='word_1_90' title='bbox 1042 1641 1146 1711; x_wconf 87' lang='lat' dir='ltr'><strong>pauttu</strong></span> 
     </span>
     <span class='ocr_line' id='line_1_14' title="bbox 266 1738 1147 1813; baseline 0 -16"><span class='ocrx_word' id='word_1_91' title='bbox 266 1746 335 1798; x_wconf 91' lang='lat' dir='ltr'><strong>ante</strong></span> <span class='ocrx_word' id='word_1_92' title='bbox 357 1739 548 1797; x_wconf 77' lang='lat' dir='ltr'><strong>‘sterilitatis’</strong></span> <span class='ocrx_word' id='word_1_93' title='bbox 568 1740 686 1806; x_wconf 85' lang='lat' dir='ltr'><strong>obiitus,</strong></span> <span class='ocrx_word' id='word_1_94' title='bbox 708 1741 847 1797; x_wconf 81' lang='lat' dir='ltr'><strong>‘abactor</strong></span> <span class='ocrx_word' id='word_1_95' title='bbox 869 1744 966 1813; x_wconf 86' lang='lat' dir='ltr'><strong>partus</strong></span> <span class='ocrx_word' id='word_1_96' title='bbox 988 1738 1147 1797; x_wconf 87' lang='lat' dir='ltr'><strong>couscien-</strong></span> 
     </span>
    </p>
   </div>
   <div class='ocr_carea' id='block_1_3' title="bbox 115 1936 1147 3705">
    <p class='ocr_par' dir='ltr' id='par_1_3' title="bbox 266 1936 1146 2013">
     <span class='ocr_line' id='line_1_15' title="bbox 266 1936 1146 2013; baseline -0.002 -16"><span class='ocrx_word' id='word_1_97' title='bbox 266 1944 330 1997; x_wconf 89' lang='lat' dir='ltr'><strong>rat:</strong></span> <span class='ocrx_word' id='word_1_98' title='bbox 350 1936 501 2013; x_wconf 87' lang='lat' dir='ltr'><strong>insutaque</strong></span> <span class='ocrx_word' id='word_1_99' title='bbox 525 1936 703 1995; x_wconf 84' lang='lat' dir='ltr'><strong>Pandataria</strong></span> <span class='ocrx_word' id='word_1_100' title='bbox 727 1936 886 2005; x_wconf 71' lang='lat' dir='ltr'><strong>beuvrum</strong></span> <span class='ocrx_word' id='word_1_101' title='bbox 908 1936 1028 1995; x_wconf 89' lang='lat' dir='ltr'><strong>claudit.</strong></span> <span class='ocrx_word' id='word_1_102' title='bbox 1070 1936 1146 1995; x_wconf 89' lang='lat' dir='ltr'><strong>Non</strong></span> 
     </span>
    </p>

    <p class='ocr_par' dir='ltr' id='par_1_4' title="bbox 115 2035 1147 3705">
     <span class='ocr_line' id='line_1_16' title="bbox 115 2035 1146 2103; baseline -0.006 -3"><span class='ocrx_word' id='word_1_103' title='bbox 115 2054 123 2068; x_wconf 88' lang='lat'><strong>·</strong></span> <span class='ocrx_word' id='word_1_104' title='bbox 176 2059 184 2074; x_wconf 90' lang='lat'><strong>·</strong></span> <span class='ocrx_word' id='word_1_105' title='bbox 267 2039 326 2099; x_wconf 89' lang='lat' dir='ltr'><strong>alia</strong></span> <span class='ocrx_word' id='word_1_106' title='bbox 340 2039 423 2097; x_wconf 84' lang='lat' dir='ltr'><strong>exsut</strong></span> <span class='ocrx_word' id='word_1_107' title='bbox 446 2037 603 2100; x_wconf 84' lang='lat' dir='ltr'><strong>virentium</strong></span> <span class='ocrx_word' id='word_1_108' title='bbox 624 2038 727 2095; x_wconf 88' lang='lat' dir='ltr'><strong>ocutos</strong></span> <span class='ocrx_word' id='word_1_109' title='bbox 740 2036 850 2094; x_wconf 89' lang='lat' dir='ltr'><strong>maiore</strong></span> <span class='ocrx_word' id='word_1_110' title='bbox 872 2035 1072 2103; x_wconf 81' lang='lat' dir='ltr'><strong>misericordia</strong></span> <span class='ocrx_word' id='word_1_111' title='bbox 1091 2038 1146 2094; x_wconf 87' lang='lat' dir='ltr'><strong>ad·</strong></span> 
     </span>
     <span class='ocr_line' id='line_1_17' title="bbox 267 2134 1147 2210; baseline -0.005 -13"><span class='ocrx_word' id='word_1_112' title='bbox 267 2139 348 2197; x_wconf 81' lang='lat' dir='ltr'><strong>tecit</strong></span> <span class='ocrx_word' id='word_1_113' title='bbox 410 2137 607 2196; x_wconf 86' lang='lat' dir='ltr'><strong>Meminerant</strong></span> <span class='ocrx_word' id='word_1_114' title='bbox 636 2137 731 2197; x_wconf 82' lang='lat' dir='ltr'><strong>adbuc</strong></span> <span class='ocrx_word' id='word_1_115' title='bbox 758 2136 876 2210; x_wconf 87' lang='lat' dir='ltr'><strong>quidam</strong></span> <span class='ocrx_word' id='word_1_116' title='bbox 904 2134 1095 2210; x_wconf 78' lang='lat' dir='ltr'><strong>Agrippinae,</strong></span> <span class='ocrx_word' id='word_1_117' title='bbox 1125 2153 1147 2193; x_wconf 95' lang='lat' dir='ltr'><strong>a</strong></span> 
     </span>
     <span class='ocr_line' id='line_1_18' title="bbox 269 2234 1145 2307; baseline -0.006 -11"><span class='ocrx_word' id='word_1_118' title='bbox 269 2237 410 2306; x_wconf 74' lang='lat' dir='ltr'><strong>&#39;l&#39;iberi03</strong></span> <span class='ocrx_word' id='word_1_119' title='bbox 444 2236 590 2295; x_wconf 78' lang='lat' dir='ltr'><strong>recentior</strong></span> <span class='ocrx_word' id='word_1_120' title='bbox 623 2235 717 2293; x_wconf 81' lang='lat' dir='ltr'><strong>lutiae</strong></span> <span class='ocrx_word' id='word_1_121' title='bbox 750 2234 891 2292; x_wconf 87' lang='lat' dir='ltr'><strong>memoria</strong></span> <span class='ocrx_word' id='word_1_122' title='bbox 923 2236 1145 2307; x_wconf 75' lang='lat' dir='ltr'><strong>obversabatur,</strong></span> 
     </span>
     <span class='ocr_line' id='line_1_19' title="bbox 269 2333 1144 2409; baseline -0.005 -15"><span class='ocrx_word' id='word_1_123' title='bbox 269 2336 396 2395; x_wconf 73' lang='lat' dir='ltr'><strong>claudio</strong></span> <span class='ocrx_word' id='word_1_124' title='bbox 418 2339 527 2409; x_wconf 87' lang='lat' dir='ltr'><strong>putsae.</strong></span> <span class='ocrx_word' id='word_1_125' title='bbox 588 2336 647 2393; x_wconf 82' lang='lat' dir='ltr'><strong>Sed</strong></span> <span class='ocrx_word' id='word_1_126' title='bbox 672 2334 731 2392; x_wconf 88' lang='lat' dir='ltr'><strong>ittis</strong></span> <span class='ocrx_word' id='word_1_127' title='bbox 753 2335 839 2391; x_wconf 92' lang='lat' dir='ltr'><strong>robur</strong></span> <span class='ocrx_word' id='word_1_128' title='bbox 862 2333 967 2392; x_wconf 90' lang='lat' dir='ltr'><strong>aetatis</strong></span> <span class='ocrx_word' id='word_1_129' title='bbox 991 2333 1144 2391; x_wconf 77' lang='lat' dir='ltr'><strong>adsuerat:</strong></span> 
     </span>
     <span class='ocr_line' id='line_1_20' title="bbox 267 2433 1146 2508; baseline -0.003 -14"><span class='ocrx_word' id='word_1_130' title='bbox 267 2437 346 2494; x_wconf 87' lang='lat' dir='ltr'><strong>laeta</strong></span> <span class='ocrx_word' id='word_1_131' title='bbox 360 2436 457 2508; x_wconf 87' lang='lat' dir='ltr'><strong>atiqua</strong></span> <span class='ocrx_word' id='word_1_132' title='bbox 477 2436 621 2503; x_wconf 87' lang='lat' dir='ltr'><strong>viderant,</strong></span> <span class='ocrx_word' id='word_1_133' title='bbox 645 2440 675 2493; x_wconf 93' lang='lat' dir='ltr'><strong>et</strong></span> <span class='ocrx_word' id='word_1_134' title='bbox 697 2439 879 2508; x_wconf 79' lang='lat' dir='ltr'><strong>praesentem</strong></span> <span class='ocrx_word' id='word_1_135' title='bbox 903 2433 1060 2491; x_wconf 85' lang='lat' dir='ltr'><strong>saevitiam</strong></span> <span class='ocrx_word' id='word_1_136' title='bbox 1081 2451 1146 2491; x_wconf 84' lang='lat' dir='ltr'><strong>nae·</strong></span> 
     </span>
     <span class='ocr_line' id='line_1_21' title="bbox 267 2533 1146 2592; baseline 0 0"><span class='ocrx_word' id='word_1_137' title='bbox 267 2533 349 2592; x_wconf 87' lang='lat' dir='ltr'><strong>lioris</strong></span> <span class='ocrx_word' id='word_1_138' title='bbox 362 2533 433 2589; x_wconf 76' lang='lat' dir='ltr'><strong>otini</strong></span> <span class='ocrx_word' id='word_1_139' title='bbox 454 2534 586 2591; x_wconf 79' lang='lat' dir='ltr'><strong>furtunae</strong></span> <span class='ocrx_word' id='word_1_140' title='bbox 609 2534 810 2592; x_wconf 79' lang='lat' dir='ltr'><strong>recordatione</strong></span> <span class='ocrx_word' id='word_1_141' title='bbox 834 2535 1021 2592; x_wconf 87' lang='lat' dir='ltr'><strong>adtevabant.</strong></span> <span class='ocrx_word' id='word_1_142' title='bbox 1062 2533 1146 2592; x_wconf 86' lang='lat' dir='ltr'><strong>Huic</strong></span> 
     </span>
     <span class='ocr_line' id='line_1_22' title="bbox 268 2620 1144 2707; baseline 0.001 -18"><span class='ocrx_word' id='word_1_143' title='bbox 268 2631 391 2707; x_wconf 87' lang='lat' dir='ltr'><strong>primum</strong></span> <span class='ocrx_word' id='word_1_144' title='bbox 407 2620 649 2704; x_wconf 80' lang='lat' dir='ltr'><strong>nuptiarom&#39;dies</strong></span> <span class='ocrx_word' id='word_1_145' title='bbox 673 2635 739 2691; x_wconf 87' lang='lat' dir='ltr'><strong>tono</strong></span> <span class='ocrx_word' id='word_1_146' title='bbox 752 2632 860 2691; x_wconf 77' lang='lat' dir='ltr'><strong>funeris</strong></span> <span class='ocrx_word' id='word_1_147' title='bbox 873 2632 936 2700; x_wconf 84' lang='lat' dir='ltr'><strong>fuit,</strong></span> <span class='ocrx_word' id='word_1_148' title='bbox 950 2635 1094 2692; x_wconf 87' lang='lat' dir='ltr'><strong>deductae</strong></span> <span class='ocrx_word' id='word_1_149' title='bbox 1107 2633 1144 2691; x_wconf 93' lang='lat' dir='ltr'><strong>in</strong></span> 
     </span>
     <span class='ocr_line' id='line_1_23' title="bbox 269 2728 1143 2806; baseline -0.001 -16"><span class='ocrx_word' id='word_1_150' title='bbox 269 2732 395 2797; x_wconf 89' lang='lat' dir='ltr'><strong>domurn,</strong></span> <span class='ocrx_word' id='word_1_151' title='bbox 408 2728 439 2786; x_wconf 94' lang='lat' dir='ltr'><strong>in</strong></span> <span class='ocrx_word' id='word_1_152' title='bbox 454 2747 511 2804; x_wconf 87' lang='lat' dir='ltr'><strong>qua</strong></span> <span class='ocrx_word' id='word_1_153' title='bbox 532 2731 606 2789; x_wconf 84' lang='lat' dir='ltr'><strong>nihii</strong></span> <span class='ocrx_word' id='word_1_154' title='bbox 621 2732 678 2791; x_wconf 91' lang='lat' dir='ltr'><strong>nisi</strong></span> <span class='ocrx_word' id='word_1_155' title='bbox 703 2735 865 2790; x_wconf 86' lang='lat' dir='ltr'><strong>luctuosum</strong></span> <span class='ocrx_word' id='word_1_156' title='bbox 886 2733 1016 2801; x_wconf 87' lang='lat' dir='ltr'><strong>haberet,</strong></span> <span class='ocrx_word' id='word_1_157' title='bbox 1039 2738 1143 2806; x_wconf 85' lang='lat' dir='ltr'><strong>erepto</strong></span> 
     </span>
     <span class='ocr_line' id='line_1_24' title="bbox 269 2831 1143 2908; baseline 0 -20"><span class='ocrx_word' id='word_1_158' title='bbox 269 2848 321 2908; x_wconf 88' lang='lat' dir='ltr'><strong>per</strong></span> <span class='ocrx_word' id='word_1_159' title='bbox 335 2836 581 2904; x_wconf 85' lang='lat' dir='ltr'><strong>venenum-patre</strong></span> <span class='ocrx_word' id='word_1_160' title='bbox 602 2836 632 2887; x_wconf 93' lang='lat' dir='ltr'><strong>et</strong></span> <span class='ocrx_word' id='word_1_161' title='bbox 645 2832 744 2889; x_wconf 88' lang='lat' dir='ltr'><strong>atatim</strong></span> <span class='ocrx_word' id='word_1_162' title='bbox 760 2831 865 2889; x_wconf 81' lang='lat' dir='ltr'><strong>tratre:</strong></span> <span class='ocrx_word' id='word_1_163' title='bbox 879 2835 946 2889; x_wconf 83' lang='lat' dir='ltr'><strong>tum</strong></span> <span class='ocrx_word' id='word_1_164' title='bbox 969 2831 1079 2889; x_wconf 87' lang='lat' dir='ltr'><strong>anciita</strong></span> <span class='ocrx_word' id='word_1_165' title='bbox 1091 2831 1143 2888; x_wconf 92' lang='lat' dir='ltr'><strong>do·</strong></span> 
     </span>
     <span class='ocr_line' id='line_1_25' title="bbox 269 2930 1142 3006; baseline -0.003 -14"><span class='ocrx_word' id='word_1_166' title='bbox 269 2932 349 2993; x_wconf 88' lang='lat' dir='ltr'><strong>mina</strong></span> <span class='ocrx_word' id='word_1_167' title='bbox 379 2930 521 2988; x_wconf 81' lang='lat' dir='ltr'><strong>validior:</strong></span> <span class='ocrx_word' id='word_1_168' title='bbox 543 2935 573 2988; x_wconf 94' lang='lat' dir='ltr'><strong>et</strong></span> <span class='ocrx_word' id='word_1_169' title='bbox 597 2931 736 3005; x_wconf 86' lang='lat' dir='ltr'><strong>Poppaea</strong></span> <span class='ocrx_word' id='word_1_170' title='bbox 759 2950 818 2991; x_wconf 90' lang='lat' dir='ltr'><strong>uon</strong></span> <span class='ocrx_word' id='word_1_171' title='bbox 844 2933 900 2991; x_wconf 91' lang='lat' dir='ltr'><strong>nisi</strong></span> <span class='ocrx_word' id='word_1_172' title='bbox 923 2933 953 2989; x_wconf 88' lang='lat' dir='ltr'><strong>iu</strong></span> <span class='ocrx_word' id='word_1_173' title='bbox 979 2933 1142 3006; x_wconf 87' lang='lat' dir='ltr'><strong>perniciem</strong></span> 
     </span>
     <span class='ocr_line' id='line_1_26' title="bbox 269 3031 1141 3106; baseline -0.005 -13"><span class='ocrx_word' id='word_1_174' title='bbox 269 3031 369 3093; x_wconf 83' lang='lat' dir='ltr'><strong>uxoris</strong></span> <span class='ocrx_word' id='word_1_175' title='bbox 389 3034 496 3105; x_wconf 87' lang='lat' dir='ltr'><strong>nupta:</strong></span> <span class='ocrx_word' id='word_1_176' title='bbox 518 3036 663 3104; x_wconf 88' lang='lat' dir='ltr'><strong>postremo</strong></span> <span class='ocrx_word' id='word_1_177' title='bbox 676 3031 788 3090; x_wconf 86' lang='lat' dir='ltr'><strong>crimen</strong></span> <span class='ocrx_word' id='word_1_178' title='bbox 812 3032 893 3091; x_wconf 89' lang='lat' dir='ltr'><strong>omui</strong></span> <span class='ocrx_word' id='word_1_179' title='bbox 906 3032 999 3090; x_wconf 81' lang='lat' dir='ltr'><strong>exitio</strong></span> <span class='ocrx_word' id='word_1_180' title='bbox 1012 3033 1141 3106; x_wconf 85' lang='lat' dir='ltr'><strong>gravius.</strong></span> 
     </span>
     <span class='ocr_line' id='line_1_27' title="bbox 217 3130 1141 3207; baseline -0.003 -15"><span class='ocrx_word' id='word_1_181' title='bbox 217 3131 260 3192; x_wconf 78' lang='grc'><strong>64</strong></span> <span class='ocrx_word' id='word_1_182' title='bbox 272 3136 320 3194; x_wconf 81' lang='lat' dir='ltr'><strong>Ac</strong></span> <span class='ocrx_word' id='word_1_183' title='bbox 334 3134 440 3207; x_wconf 85' lang='lat' dir='ltr'><strong>puella,</strong></span> <span class='ocrx_word' id='word_1_184' title='bbox 458 3130 601 3188; x_wconf 87' lang='lat' dir='ltr'><strong>vicesimo</strong></span> <span class='ocrx_word' id='word_1_185' title='bbox 614 3131 719 3190; x_wconf 83' lang='lat' dir='ltr'><strong>aetatis</strong></span> <span class='ocrx_word' id='word_1_186' title='bbox 732 3149 820 3196; x_wconf 78' lang='lat' dir='ltr'><strong>anuo,</strong></span> <span class='ocrx_word' id='word_1_187' title='bbox 843 3130 921 3198; x_wconf 85' lang='lat' dir='ltr'><strong>iuter</strong></span> <span class='ocrx_word' id='word_1_188' title='bbox 943 3132 1141 3191; x_wconf 78' lang='lat' dir='ltr'><strong>Centuriones</strong></span> 
     </span>
     <span class='ocr_line' id='line_1_28' title="bbox 269 3229 1141 3304; baseline -0.006 -11"><span class='ocrx_word' id='word_1_189' title='bbox 269 3240 300 3293; x_wconf 86' lang='lat' dir='ltr'><strong>et</strong></span> <span class='ocrx_word' id='word_1_190' title='bbox 327 3231 444 3297; x_wconf 87' lang='lat' dir='ltr'><strong>milites,</strong></span> <span class='ocrx_word' id='word_1_191' title='bbox 471 3229 622 3304; x_wconf 84' lang='lat' dir='ltr'><strong>praesagio</strong></span> <span class='ocrx_word' id='word_1_192' title='bbox 649 3232 790 3288; x_wconf 87' lang='lat' dir='ltr'><strong>matorum</strong></span> <span class='ocrx_word' id='word_1_193' title='bbox 813 3231 872 3289; x_wconf 86' lang='lat' dir='ltr'><strong>ism</strong></span> <span class='ocrx_word' id='word_1_194' title='bbox 901 3232 964 3289; x_wconf 87' lang='lat' dir='ltr'><strong>vita</strong></span> <span class='ocrx_word' id='word_1_195' title='bbox 990 3236 1141 3304; x_wconf 84' lang='lat' dir='ltr'><strong>exempta,</strong></span> 
     </span>
     <span class='ocr_line' id='line_1_29' title="bbox 269 3330 1141 3405; baseline -0.005 -13"><span class='ocrx_word' id='word_1_196' title='bbox 269 3334 399 3393; x_wconf 87' lang='lat' dir='ltr'><strong>nondum</strong></span> <span class='ocrx_word' id='word_1_197' title='bbox 412 3335 510 3388; x_wconf 90' lang='lat' dir='ltr'><strong>tamen</strong></span> <span class='ocrx_word' id='word_1_198' title='bbox 530 3335 621 3387; x_wconf 89' lang='lat' dir='ltr'><strong>morte</strong></span> <span class='ocrx_word' id='word_1_199' title='bbox 646 3330 860 3405; x_wconf 85' lang='lat' dir='ltr'><strong>acquiescebat.</strong></span> <span class='ocrx_word' id='word_1_200' title='bbox 900 3330 1008 3388; x_wconf 85' lang='lat' dir='ltr'><strong>Paucis</strong></span> <span class='ocrx_word' id='word_1_201' title='bbox 1031 3330 1141 3388; x_wconf 86' lang='lat' dir='ltr'><strong>debinc</strong></span> 
     </span>
     <span class='ocr_line' id='line_1_30' title="bbox 270 3427 1141 3491; baseline -0.005 0"><span class='ocrx_word' id='word_1_202' title='bbox 270 3430 431 3491; x_wconf 87' lang='lat' dir='ltr'><strong>interiectis</strong></span> <span class='ocrx_word' id='word_1_203' title='bbox 455 3429 556 3487; x_wconf 87' lang='lat' dir='ltr'><strong>diebus</strong></span> <span class='ocrx_word' id='word_1_204' title='bbox 583 3427 656 3487; x_wconf 90' lang='lat' dir='ltr'><strong>muri</strong></span> <span class='ocrx_word' id='word_1_205' title='bbox 679 3428 809 3486; x_wconf 86' lang='lat' dir='ltr'><strong>iubetur:</strong></span> <span class='ocrx_word' id='word_1_206' title='bbox 830 3445 896 3487; x_wconf 90' lang='lat' dir='ltr'><strong>cum</strong></span> <span class='ocrx_word' id='word_1_207' title='bbox 918 3429 978 3487; x_wconf 89' lang='lat' dir='ltr'><strong>iam</strong></span> <span class='ocrx_word' id='word_1_208' title='bbox 1000 3428 1141 3487; x_wconf 84' lang='lat' dir='ltr'><strong>‘viduam</strong></span> 
     </span>
     <span class='ocr_line' id='line_1_31' title="bbox 269 3527 1140 3602; baseline -0.002 -14"><span class='ocrx_word' id='word_1_209' title='bbox 269 3538 324 3588; x_wconf 90' lang='lat' dir='ltr'><strong>‘se</strong></span> <span class='ocrx_word' id='word_1_210' title='bbox 351 3534 381 3586; x_wconf 93' lang='lat' dir='ltr'><strong>et</strong></span> <span class='ocrx_word' id='word_1_211' title='bbox 408 3532 520 3585; x_wconf 89' lang='lat' dir='ltr'><strong>tantum</strong></span> <span class='ocrx_word' id='word_1_212' title='bbox 546 3527 683 3587; x_wconf 85' lang='lat' dir='ltr'><strong>sororem&#39;</strong></span> <span class='ocrx_word' id='word_1_213' title='bbox 716 3534 879 3598; x_wconf 87' lang='lat' dir='ltr'><strong>testaretur,</strong></span> <span class='ocrx_word' id='word_1_214' title='bbox 911 3546 1140 3602; x_wconf 86' lang='lat' dir='ltr'><strong>communesque</strong></span> 
     </span>
     <span class='ocr_line' id='line_1_32' title="bbox 270 3622 1141 3705; baseline -0.001 -17"><span class='ocrx_word' id='word_1_215' title='bbox 270 3622 506 3696; x_wconf 63' lang='lat' dir='ltr'><strong>‘Germanicou&#39;</strong></span> <span class='ocrx_word' id='word_1_216' title='bbox 537 3632 569 3685; x_wconf 88' lang='lat' dir='ltr'><strong>et</strong></span> <span class='ocrx_word' id='word_1_217' title='bbox 601 3626 748 3702; x_wconf 86' lang='lat' dir='ltr'><strong>postremo</strong></span> <span class='ocrx_word' id='word_1_218' title='bbox 781 3626 997 3705; x_wconf 80' lang='lat' dir='ltr'><strong>‘Agrippinae&#39;</strong></span> <span class='ocrx_word' id='word_1_219' title='bbox 1029 3645 1141 3688; x_wconf 84' lang='lat' dir='ltr'><strong>numen</strong></span> 
     </span>
    </p>
   </div>
   <div class='ocr_carea' id='block_1_4' title="bbox 0 0 1260 4292">
    <p class='ocr_par' dir='ltr' id='par_1_5' title="bbox 0 0 1260 4292">
     <span class='ocr_line' id='line_1_33' title="bbox 0 0 1260 4292; baseline 0 0"><span class='ocrx_word' id='word_1_220' title='bbox 0 0 1260 4292; x_wconf 95' lang='lat' dir='ltr'><strong> </strong></span> 
     </span>
    </p>
   </div>
  </div>
 </body>
</html>
