2509 4292
296 298 368 372 176
594 318 848 372 nrsrotrssnvsr
1010 324 1142 374 ursas

290 480 392 539 nasius
412 480 449 538 sd
474 495 597 554 poenam
610 478 791 555 flagitavere,
813 480 932 539 diverso
957 479 1079 545 adiectu,
1091 476 1146 553 qul·

291 583 345 640 bus
370 580 470 640 odium
497 580 624 638 Neronis
653 580 757 648 iuerat,
784 587 814 637 et
846 579 949 655 quibus
971 579 1145 636 desiderium.

293 680 382 755 Apud
402 682 528 739 Galbam
550 679 591 737 Τ.
611 678 696 737 Viuit
712 679 842 752 potentin
864 679 1011 746 detonans,
1024 684 1147 752 praetes-

240 810 245 821 ·
292 781 379 850 entis,
408 785 547 838 smmum
569 777 606 836 ed
632 796 664 835 eo
684 776 791 858 Μαι
824 785 855 836 st
881 780 959 835 hund
983 776 1068 834 dubie
1096 792 1147 831 ser·

293 884 425 947 vereret,
446 896 504 937 non
527 878 696 944 elementia,
717 879 824 954 qnippe
846 884 889 935 tol
910 876 1079 943 interiectis,
1101 873 1147 931 sed

292 977 398 1051 effugio
430 979 460 1034 iu
493 976 626 1034 loturum.
656 978 724 1050 quia
758 976 898 1051 pessimus
930 979 1058 1053 quisque,
1083 974 1147 1032 diffi-

291 1068 398 1135 dentis*
424 1077 617 1149 praesentium
651 1076 841 1134 mutationem
875 1093 997 1149 pavens,
1019 1079 1148 1132 adversus

292 1176 438 1251 publicum
461 1173 559 1231 odium
579 1175 722 1247 privatum
744 1176 866 1250 gratiam
890 1181 1059 1249 praeparats
1079 1172 1146 1229 untle

291 1275 371 1331 nulls
391 1272 578 1331 innocentiae
602 1291 681 1342 sura,
704 1275 769 1330 sed·
784 1275 866 1331 sines
891 1274 1069 1347 inpunitatis.
1105 1270 1148 1328 uo

291 1371 431 1429 luleusior
445 1374 575 1444 populus,
598 1373 697 1429 addita
722 1374 758 1431 ad
786 1381 868 1430 vetus
891 1373 1039 1448 Tigellini
1059 1372 1147 1428 odiam

290 1471 402 1528 recenti
417 1472 458 1528 Τ.
473 1473 557 1529 Vinii
582 1472 711 1531 invidia:
732 1491 903 1531 concurrere
916 1493 936 1532 e
957 1481 1017 1532 tota
1042 1475 1108 1530 urbe
1119 1454 1147 1528 iu

290 1569 431 1644 palatium
461 1588 497 1628 ao
520 1572 589 1637 lora,
619 1578 659 1639 et,
689 1571 739 1629 ubi
774 1573 896 1645 plurima
924 1573 1007 1648 vulgi
1027 1570 1146 1636 tinentia,

291 1666 321 1725 in
342 1669 452 1726 nircum
472 1687 506 1725 ao
528 1671 640 1728 tbeatra
665 1671 756 1738 effusi,
783 1672 947 1729 seditiosls‘
963 1673 1080 1730 vocibus
1103 1669 1145 1725 ob·

291 1772 436 1840 strepere:
464 1769 561 1825 donee
586 1768 764 1844 Tigellinus,
792 1778 916 1845 accepto
942 1775 1017 1846 apud
1042 1773 1145 1829 Sinues·
1206 1846 1207 1849 Ἴ

292 1883 377 1924 sanas
391 1886 479 1941 aquus
492 1886 643 1939 supremae
664 1869 847 1927 necessitatis
871 1872 986 1939 nuntio,
1005 1870 1078 1929 inter
1096 1876 1146 1925 stu·
1206 1864 1207 1921 ἔ

292 1983 343 2039 pra
357 1967 582 2025 concubinarum
596 1971 625 2023 et
646 1970 745 2024 osenla
766 1975 795 2025 et
810 1969 954 2027 deformes
970 1986 1069 2033 moras,
1091 1982 1145 2023 seo·

293 2065 331 2122 tis
374 2069 518 2124 novacula
551 2067 690 2130 inanibus,
728 2062 864 2126 iulumenr
899 2068 993 2127 vitam
1026 2063 1144 2126 foedavit

240 2147 380 2221 mertam
408 2165 488 2222 exitu
512 2167 572 2222 lero
598 2171 628 2222 et
654 2166 818 2223 inhonesto.
859 2166 917 2225 Per
941 2169 1021 2226 idem
1044 2173 1144 2235 tempos

292 2266 475 2336 expostulata
494 2266 530 2320 ad
550 2264 722 2336 supplicium
751 2262 860 2323 Gelvia
876 2254 1044 2340 Crispinilla
1066 2260 1144 2320 variis

291 2358 527 2426 frustrationibus,
542 2358 571 2418 et
586 2363 708 2419 adverse
722 2364 931 2422 dissimulantis
954 2362 1092 2436 Principis
1110 2360 1142 2416 ia·

292 2476 348 2521 rna,
369 2462 496 2531 periculo
517 2467 654 2535 exempla
678 2468 740 2518 est:
762 2464 898 2538 magistra
922 2464 1072 2521 libidinum
1091 2458 1143 2516 Ns·

290 2556 379 2621 ranis,
398 2564 574 2631 transgressa
601 2560 632 2615 in
670 2561 808 2629 Africam,
842 2563 878 2618 ad
910 2562 1098 2638 instigandum
1115 2555 1144 2612 in

291 2668 369 2712 arma
394 2655 529 2711 Clodium
558 2657 701 2725 Maurum,
716 2660 823 2717 lamem
843 2664 950 2733 populo
974 2663 1053 2719 Rom.
1073 2653 1143 2712 haud

290 2753 411 2810 obscure
435 2754 545 2822 molita,
566 2757 654 2813 totius
682 2766 783 2830 postea
805 2759 936 2817 civitatis
961 2760 1073 2839 gratiam
1095 2753 1142 2809 olr-

291 2852 389 2921 tinuil,
403 2853 556 2912 Consulari
580 2854 765 2915 matrimonio
786 2859 919 2927 subnixa,
943 2868 973 2917 et
996 2856 1064 2930 apud
1077 2851 1140 2908 Gal
1206 2904 1207 2931 ἦ

292 2954 368 3019 bum,
390 2954 546 3022 Othonem,
560 2955 715 3013 Vitellium
740 2957 869 3015 inlaesa:
891 2977 959 3016 mos
983 2938 1080 3031 potens
1099 2966 1141 3024 pe·

291 3054 379 3112 cunia
398 3062 428 3110 et
451 3055 584 3121 orbitate,
611 3074 685 3128 quse
708 3058 791 3113 bonis
816 3058 956 3131 malisque
980 3050 1143 3127 temporibus
1206 3046 1207 3117 ᾗ

239 3138 281 3201 74
292 3154 375 3215 iuxta
390 3156 498 3211 velent.
524 3155 666 3212 'Crebrae
682 3155 850 3221 interimet
875 3157 1058 3214 muliebribus
1072 3152 1142 3206 blan·

291 3253 428 3310 dimentis
442 3254 577 3317 iniectae,
590 3253 626 3309 ab
642 3253 758 3310 Othone
783 3255 820 3310 nd
834 3255 989 3311 Vitellium
1003 3232 1143 3327 epistolae,

290 3353 449 3410 offerebant
465 3350 612 3427 pecuniam
623 3358 650 3409 et
667 3349 795 3426 gralimn
813 3358 839 3409 el
859 3368 1042 3428 quameunque
1053 3341 1142 3424 quietis

289 3448 380 3506 locum
388 3448 525 3524 prodigae
539 3449 608 3507 usse
621 3448 743 3525 legisset.
769 3437 863 3508 ⁵Paria
877 3451 1015 3508 Vitellius
1028 3448 1141 3505 ostenta·

289 3544 348 3617 bat,
367 3547 459 3620 primo
481 3549 606 3620 mollius,
628 3550 718 3608 stulla
740 3531 881 3625 utrimque
900 3536 936 3608 'et
958 3548 1092 3609 indecora
1109 3538 1141 3597 ti·
