2509 4292
99 458 136 521 p,
152 458 179 505 c.
196 462 234 507 ro.
345 458 415 507 ans⁴
443 452 503 507 rs.v
531 437 796 505 nsaw-31.
896 434 969 501 349

62 642 69 653 ·
103 628 207 672 manos
228 611 392 669 inconsulta
405 611 466 668 ira:
488 611 637 669 Romanus
658 611 752 676 miles,
778 607 969 680 periculorum

103 728 220 785 gnarus,
233 710 353 766 ferratas
363 710 460 775 sudes,
471 711 571 782 gravia
582 726 665 774 sans,
678 726 737 764 nou
750 708 823 763 forte
832 705 968 762 iaciebat.

103 808 167 865 Vbi
179 824 268 864 sonus
292 806 482 872 molientium,
495 813 544 862 aut
564 805 713 879 adpositae
736 806 833 862 scalae
858 805 969 860 bostem

104 906 139 963 in
152 922 256 963 manns
278 906 428 969 dederant,
452 907 612 977 propellere
637 906 769 969 umbone,
790 903 849 972 pilo
870 902 968 975 sequi:

104 1006 221 1067 multos,
241 1003 273 1059 io
287 1003 403 1060 moenis
421 1016 560 1075 egressos,
581 1002 751 1076 pugionibus
770 996 878 1057 ludere.
918 1000 970 1057 Sic

104 1102 248 1159 exhausta
262 1106 360 1165 nocte,
380 1116 488 1155 novam
511 1101 607 1156 aciem
628 1101 692 1157 dies
711 1101 832 1172 aperuit.
872 1095 1022 1156 Edax-30

104 1204 190 1256 arsut
217 1198 326 1254 Batavi
349 1198 457 1262 tursius,
484 1197 595 1269 duplici
614 1200 752 1264 tabulatu,
772 1215 865 1271 quam,
886 1197 971 1253 Prae·

106 1296 199 1353 toriae
233 1303 334 1367 portae
366 1292 405 1370 (is
439 1295 627 1368 aequissimus
660 1294 753 1372 locus)
783 1295 972 1368 propinquan·
1001 1338 1007 1349 .

87 1394 315 1465 ‹temrpsorscti
336 1400 437 1449 contra
460 1393 554 1450 validi
573 1410 684 1450 asseres
704 1399 734 1450 et
757 1395 890 1451 incussae
917 1400 974 1449 tra·

104 1492 157 1548 bea
172 1490 342 1563 perfregere,
366 1493 455 1547 multa
475 1491 698 1562 superstantium
720 1492 857 1562 pernicie.
898 1492 972 1564 Pog-

105 1595 266 1661 natumque
286 1588 316 1644 in
342 1591 487 1660 perculsos
511 1588 605 1644 subita
631 1596 661 1645 et
688 1606 822 1661 prospers
849 1590 972 1659 eruptio·

106 1702 156 1743 ne.
198 1686 292 1743 Simul
311 1702 330 1741 a
355 1685 531 1758 legionariis,
560 1685 663 1757 peritis
688 1692 718 1742 et
745 1691 806 1742 arte
828 1691 973 1758 praestan·

105 1784 197 1846 obesi
221 1786 301 1855 plura
325 1786 515 1841 struebantur.
557 1784 749 1857 Praecipuum
774 1800 910 1858 pavorem
930 1783 972 1839 io·

104 1883 174 1940 telis
189 1890 358 1953 suspsus'sns
372 1887 402 1937 et
428 1887 534 1938 nuans
560 1883 836 1950 macblnamentum‚
849 1901 905 1957 quo
931 1900 973 1939 re·

106 1986 197 2054 pente
210 1980 344 2044 demisso,
361 1985 474 2050 praeter
498 1997 612 2037 suorum
639 1998 689 2036 ora
710 1983 817 2055 singuli
840 1985 972 2053 pluresve

107 2079 238 2136 bostium
257 2080 379 2134 sublime
404 2078 486 2149 capuli,
514 2094 599 2134 verso
625 2080 754 2150 pondere
780 2080 856 2134 intra
877 2084 972 2133 castra

107 2177 338 2234 effundebantur.
401 2176 518 2242 civilis,
550 2176 657 2231 omissa
683 2175 868 2248 oppugnandi
911 2192 972 2246 spe,

104 2290 203 2332 rursus
217 2292 266 2346 per
279 2274 368 2330 otium
384 2272 543 2341 adsidebat,
559 2273 669 2330 nuntiis
684 2279 713 2330 et
724 2274 872 2346 promissis
886 2273 972 2330 fidem

105 2373 256 2446 legionum
269 2374 450 2428 convellens.

100 2508 104 2514 -
147 2470 288 2526 Haecin
308 2469 480 2528 ,Germania
507 2473 577 2526 ante
604 2469 803 2527 Cremonense
831 2471 1021 2543 proelinmssl

105 2573 199 2643 gesta
215 2567 297 2623 onius
311 2573 448 2633 eventurn
474 2568 587 2623 litterae
610 2568 700 2625 Primi
724 2570 850 2628 Antonii
869 2573 973 2626 docue-

68 2670 72 2675 ’
104 2684 149 2734 re,
168 2667 274 2722 addito
300 2667 448 2723 Caecinae
474 2667 581 2723 edicto.
623 2668 661 2724 Et
682 2668 850 2725 Praefectus
873 2672 973 2727 cobor-

105 2765 181 2823 tise
208 2765 306 2830 victiss
326 2766 460 2836 >Alpinus
474 2765 654 2832 Montanus,
680 2767 822 2824 fortunam
851 2771 973 2841 praetium

106 2877 247 2937 psaesens
261 2863 410 2918 fatebatur.
453 2863 573 2919 Diversi
593 2865 662 2920 binc
688 2874 779 2920 motus
803 2868 973 2924 animorum.

100 2961 236 3018 *Auxilia
250 2978 266 3016 e
290 2961 398 3025 Gallia,
418 2961 480 3034 quis
495 2977 549 3017 neo
564 2978 655 3023 amor,
669 2979 723 3018 nec
743 2962 840 3017 odium
854 2965 886 3019 in
913 2982 973 3035 par·

40 3082 43 3093 ·
109 3063 172 3121 tes,
202 3057 306 3114 militis
339 3059 402 3114 sine
435 3059 560 3125 adiecto,
598 3058 777 3113 hortantibus
805 3059 974 3128 Praefectis,

110 3157 210 3212 statim
232 3155 387 3212 aVitellio
399 3157 582 3213 desciscunt:
606 3162 688 3211 vetus
714 3154 796 3210 miles
820 3159 974 3213 cunctaba-

106 3258 163 3310 tur.
205 3255 265 3310 Sed
291 3253 439 3330 adigente
456 3254 622 3311 Hordeonio
651 3254 771 3319 Planco,
797 3252 972 3312 instantibus

109 3351 258 3420 Tribunis,
291 3352 368 3408 dixit
406 3358 626 3417 sacramentnm,
660 3369 717 3409 uon
755 3354 845 3418 vultu,
880 3371 973 3426 neque

87 3443 220 3515 'animo
239 3449 310 3506 salis
336 3450 508 3506 adfirmans:
529 3457 568 3517 et,
595 3467 661 3508 cum
688 3456 786 3509 cetera
812 3451 973 3509 iurisiuran-

110 3621 208 3726 3‘ll'erso
213 3623 317 3684 madere]
345 3623 455 3671 Machina
464 3624 506 3670 luit
515 3622 593 3671 similis
603 3625 764 3674 amhimedrae
774 3640 810 3687 sp.
824 3626 873 3675 tr'r.
885 3627 974 3711 XMV„
1028 3666 1030 3671 r

148 3777 217 3817 von.
239 3779 274 3818 rr.
553 3760 619 3819 30*
