2509 4292
98 366 229 413 acm
352 364 422 410 aur.
448 360 505 412 xv.
556 364 636 411 car.
663 346 781 414 2.-r.
924 349 969 414 51

99 517 222 575 ‘adelisa
237 518 399 575 modestiae
414 518 506 575 larsa:
525 535 600 593 qnae
621 534 718 594 usqae
730 519 855 583 summis
869 521 973 579 reorte-

100 617 193 674 ‘liuur
206 618 372 688 spernenda
386 624 441 684 est,
468 624 499 674 et
519 636 537 674 a
560 619 627 675 Diis
652 618 840 675 aestimatur?
881 620 973 678 Simul

101 717 270 772 ffiademnte
290 723 377 786 eaput
399 716 543 772 Tiridatis
556 705 692 785 evinxit3
713 724 876 790 promptam
897 721 974 794 eqni·
1076 739 1082 751 ¹

102 818 166 872 tum
177 832 306 880 uranum,
327 832 402 888 quae
416 814 528 888 Regem
548 833 586 872 ex
601 833 680 872 ruore
694 823 831 885 sentiatur,
848 817 975 887 lllonasi,

104 914 199 970 nobili
214 913 284 981 viro,
304 912 433 979 tradidit,
454 913 576 970 adiectis
600 915 818 972 Adiabenorum
837 916 973 974 auxiliis:

102 1012 324 1085 mandavitque,
376 1013 530 1086 Tigranen
568 1013 708 1070 Armenia
729 1015 886 1081 exturbari,
906 1016 975 1072 (lum

101 1110 174 1183 ipw,
207 1111 310 1182 positis
343 1113 483 1168 adversus
515 1112 671 1184 Hyrcanos
699 1108 862 1178 discordiis,
898 1114 975 1171 vires

101 1209 230 1274 intimas,
253 1211 417 1283 molemque
448 1209 518 1266 belli
539 1210 607 1280 niet,
639 1211 799 1282 provinciis
834 1212 974 1269 Romanis

101 1307 251 1364 minitans.
292 1309 377 1378 Quae
412 1309 462 1365 ubi
493 1310 654 1366 Corbuloni
683 1311 772 1365 certis
793 1310 902 1367 nuntiis
927 1306 1003 1367 au·3

104 1406 164 1462 dita
190 1411 271 1479 sunt,
303 1406 434 1480 legiones
457 1408 530 1464 «luas
548 1422 616 1464 oum
638 1409 789 1464 Verulano
818 1410 974 1465 Severoet

107 1504 213 1561 Vettio
238 1506 354 1562 Bolano
383 1506 541 1562 subsidium
575 1506 701 1579 Tigrani
730 1506 829 1571 mittit,
857 1511 976 1564 occulto

104 1610 274 1676 praecepto,
289 1604 505 1676 ‘compositius
524 1610 643 1670 cauma,
677 1621 763 1677 quarn
783 1605 975 1675 festinantiam

102 1700 267 1776 ‘agarena'
286 1703 393 1776 quippe
412 1703 648 1767 bellambabere‚
669 1720 752 1776 quarn
767 1720 867 1776 gerere
888 1706 975 1761 male·

105 1801 164 1857 bat.
191 1801 413 1875 Seripserstque
428 1802 559 1867 Caesari,
580 1801 716 1874 ‘proprio
730 1803 816 1858 Duae
823 1820 896 1875 opan
909 1820 974 1858 esse

103 1900 171 1974 ‘qui
195 1902 367 1958 Armeniam
387 1901 576 1958 detenderet:
599 1902 727 1974 Syriam,
746 1901 900 1974 ingruente
914 1902 974 1957 Vo-

105 2000 235 2073 ‘logeae‚
256 2000 368 2056 aoriure
389 2001 420 2057 in
453 2000 622 2057 discrimine
643 1997 729 2055 esse?
784 2003 882 2072 Atque
902 2000 975 2055 inte·

105 2097 160 2155 rim
185 2098 312 2171 reliquas
336 2099 467 2172 legionen
494 2116 546 2171 pro
564 2100 627 2170 ripa
649 2097 806 2168 Euphratis
821 2100 914 2153 loeat:
936 2100 977 2152 tu·

105 2196 293 2253 multuariam
318 2197 543 2269 provincialium
569 2211 688 2252 manum
712 2200 826 2260 armon
857 2194 977 2251 hostiles

105 2296 253 2377 ingressas
279 2296 431 2368 praesidiis
468 2295 627 2367 intercipit.
693 2293 741 2360 El,
774 2293 841 2366 quia
883 2309 977 2365 egena

104 2412 244 2469 aquarum
257 2395 406 2469 regiensi,
426 2397 550 2452 castella
571 2393 702 2451 lontibus
730 2392 874 2465 inposita:
895 2408 977 2465 quoa·

106 2497 173 2551 dam
188 2493 269 2550 riuos
289 2499 432 2567 congestu
445 2510 551 2551 arenae
566 2492 687 2549 abdidit.
728 2492 772 2548 Ea
786 2491 854 2548 dum
874 2509 892 2549 a
907 2477 1005 2548 eor-⁴¹

106 2594 214 2650 bulone
242 2594 369 2651 tuendae
390 2593 496 2665 Syriae
520 2598 666 2665 parantur,
696 2595 765 2649 nato
796 2591 902 2665 raptim
928 2606 984 2664 ας,

109 2691 188 2748 urina
218 2690 368 2759 liloaeses,
397 2695 429 2746 ut
457 2690 562 2747 lamam
583 2689 628 2747 sui
659 2690 792 2764 praeiret,
821 2707 880 2747 uon
909 2689 977 2747 ideo

108 2791 241 2847 uesoiarn
262 2797 311 2847 aut
334 2791 483 2847 innautuua
500 2789 651 2863 Tigranen
675 2783 804 2846 offendis.
844 2789 977 2861 Occupa-

108 2897 192 2947 rerat
227 2889 451 2962 Tigranocerta,
481 2890 580 2947 urbem
619 2888 705 2961 copiis
734 2882 917 2945 defensorum
945 2892 978 2944 et

20 3004 21 3007 ’
108 2990 317 3064 magnitudine
326 2989 475 3046 moenium
488 2987 625 3066 validam.
681 2987 729 3044 Ad
750 2988 824 3043 haee
845 2985 974 3057 Nioeplr·

136 3143 246 3204 Seclulur]
280 3143 305 3188 ld
316 3154 358 3199 est,
369 3141 449 3187 sectari
459 3141 524 3187 solet.

134 3221 235 3268 Hostiles
244 3221 369 3280 ingranam]
402 3219 505 3277 iutelligo
523 3220 581 3277 loca,
601 3235 642 3281 per
660 3234 718 3280 quae
736 3217 823 3275 ingredi
840 3213 978 3277 provinciam

108 3281 203 3334 soleant,
213 3279 356 3340 autpassiut,
368 3278 452 3324 Parthi.
484 3280 651 3326 Namnonrlum
661 3278 907 3337 ingressieotempore.
938 3273 979 3320 Ia·

108 3339 211 3395 irrriperr
230 3334 338 3398 exprimit
356 3337 493 3384 Graecorum
513 3340 685 3403 draaaprsssrsm
705 3334 811 3392 Polybius
825 3338 848 3390 i,
858 3335 893 3378 99.
906 3332 977 3378 etalii

107 3418 173 3465 saepe
182 3406 212 3451 de
222 3404 331 3465 impositis
341 3403 417 3449 itineri
428 3403 534 3464 praesidis
542 3409 642 3450 utuntur.
675 3401 735 3447 Era.

136 3482 300 3542 Magnitudirre
317 3483 431 3529 menium
447 3483 553 3542 adiciam]
586 3482 659 3534 Adeo,
675 3483 700 3526 ut
716 3476 829 3539 Appiauus
846 3476 928 3524 Mitlrr.
940 3478 975 3525 ar.

105 3543 215 3601 producat
230 3542 321 3588 moenia
339 3542 513 3598 Tigranocertae
530 3541 552 3586 in
571 3538 691 3586 altitudine
706 3539 734 3583 ad
751 3538 908 3600 quinquaginta
918 3536 977 3583 cubi-

20 3648 22 3665 s
106 3610 154 3648 tos:
173 3617 230 3663 quae
240 3602 264 3648 iu
275 3602 323 3646 imo
330 3601 438 3660 adaptata
448 3612 553 3660 equorum
564 3599 664 3645 stabulis.
695 3598 757 3656 laps.
