2509 4292
265 363 313 428 54
580 380 764 431 aunanrvn
993 384 1021 429 a.
1038 382 1068 429 ν.
1084 385 1137 430 ara.

264 538 353 608 ponte
381 534 602 601 transmittebat,
634 537 713 592 nulla
741 535 836 606 palam
863 526 975 602 caussa,
1003 536 1134 591 turbatus

263 650 361 705 equus,
376 633 424 706 qui
440 634 610 690 Consularis
632 632 759 706 insignia
782 634 923 704 gestabat,
937 640 1014 686 retro
1027 633 1134 689 evasit.
1165 682 1170 686 .

263 731 433 804 Hostiaque,
447 749 519 804 quae
538 732 750 795 muniebantur,
766 728 960 785 hibernaculis
979 730 1134 797 arlsistens,

263 829 412 885 semifacta
426 846 513 899 opera
527 829 596 899 fugis
617 828 753 900 perrupit,
768 844 856 900 seque
872 829 952 883 vallo
964 828 1081 883 extulit.
1102 834 1135 885 et

263 927 323 999 pila
355 927 478 982 militum
506 944 610 991 arsere,
641 927 732 999 magis
764 925 871 995 insigni
892 926 1031 998 prodigio,
1064 927 1135 1000 quia

234 1023 252 1078 8
265 1024 386 1081 Parthus
402 1026 491 1080 hostis
504 1025 661 1080 missilibus
671 1025 736 1081 telis
748 1026 887 1080 decertat.
910 1024 1047 1080 Cetemm
1059 1026 1134 1082 Pae·

264 1127 318 1186 tus,
339 1122 441 1193 spretis
465 1123 620 1189 ominibus,
636 1140 690 1178 uec
717 1123 785 1178 dum
807 1122 877 1177 satis
904 1123 1023 1178 firmatis
1037 1123 1133 1180 hiber·

265 1222 389 1286 usculis,
404 1223 484 1277 nullo
499 1223 539 1276 rei
554 1221 759 1277 frumentariae
784 1222 910 1293 provisu,
932 1221 1005 1292 rapit
1019 1222 1134 1278 enerci-

265 1323 324 1374 lum
340 1326 417 1374 trans
428 1327 555 1375 montem
566 1319 707 1384 Taurum,
721 1317 953 1389 ‘reciperandia’
968 1326 997 1374 ut
1011 1320 1132 1388 terebat,

264 1422 272 1447 ⁶
283 1417 511 1488 Tigranocertis,
523 1418 728 1489 vastandisque
739 1417 912 1490 regionibus,
920 1435 991 1489 quas
1002 1419 1133 1473 Corbulo

263 1514 408 1588 ‘integras
421 1513 585 1572 omisisset!
617 1516 654 1572 Et
666 1522 751 1587 capta
765 1517 905 1588 quaedam
918 1518 1053 1571 castella:
1069 1518 1140 1588 glo-¹

263 1615 378 1687 sineque
388 1621 416 1669 et
427 1615 548 1686 praedae
561 1614 694 1669 nonnihil
707 1621 827 1685 partum,
838 1613 863 1668 si
873 1621 920 1669 aut
930 1615 1051 1686 gloriam
1059 1632 1129 1672 cum

263 1714 354 1780 modo,
371 1720 420 1768 aul
435 1714 648 1785 praedamnans
663 1730 744 1778 cura,
756 1713 910 1768 habuisset.
945 1714 1129 1787 Longinquis

261 1810 411 1866 itineribus
426 1812 627 1882 percursando,
638 1828 712 1884 qnae
725 1811 850 1866 obtineri
864 1811 1038 1884 nequibant;
1058 1829 1130 1869 con·

261 1914 353 1982 rupto,
377 1908 425 1981 qni
448 1914 550 1981 captus
565 1916 636 1972 erut,
664 1917 837 1974 commeatu,
858 1915 888 1965 et
915 1910 1042 1966 instante
1066 1909 1128 1968 iam

260 2008 365 2075 hieme,
379 2008 494 2064 redusit
508 2009 678 2070 exercitum,
687 2008 903 2081 composuitque
917 2011 954 2064 ad
969 2008 1128 2068 Caesarem

260 2106 381 2173 litteras,
393 2108 473 2182 quasi
488 2108 625 2164 conlecto
638 2109 724 2172 bello,
737 2108 832 2162 verbis
847 2107 1017 2178 magnificis,
1032 2124 1128 2164 rerum

231 2200 379 2262 9racuas.
421 2206 541 2264 Interim
565 2206 693 2262 Corbulo
714 2223 859 2279 nunquam
884 2209 1047 2278 neglectam
1069 2208 1128 2264 En·

260 2304 370 2376 phralis
391 2305 480 2377 ripam
502 2304 692 2361 crebrioribus
706 2304 863 2374 'praesidiis
877 2305 1006 2360 insedit:
1027 2314 1065 2372 et,
1088 2325 1127 2363 ne

260 2403 342 2474 ponti
355 2402 516 2457 iniiciendo
535 2403 766 2472 inpedimentum
780 2402 900 2459 hostiles
915 2411 1024 2458 turmae
1035 2404 1127 2460 adter-

260 2506 333 2562 rent,
352 2495 423 2572 (iam
437 2499 514 2554 enirn
542 2501 680 2556 subiectis
694 2500 804 2571 campis
819 2517 923 2573 magna
938 2502 1037 2572 specie
1053 2502 1126 2559 voli·

259 2591 373 2669 tabant)
387 2612 477 2652 naves
500 2598 699 2669 magnitudine
722 2604 901 2670 praestantes
921 2606 951 2654 et
972 2616 1125 2657 connexas

224 2678 230 2683 ’
259 2692 396 2758 trabibus,
420 2711 455 2749 ac
479 2696 601 2752 turribus
625 2706 735 2760 auctas,
749 2697 808 2769 agit
830 2714 881 2769 per
900 2714 1025 2763 amnem,
1046 2704 1125 2756 cata·
1205 2720 1209 2729 ·

258 2791 401 2867 pullisque
416 2800 445 2849 et
460 2785 570 2849 balistis
586 2798 732 2865 proturbat
752 2797 903 2851 barbaros:
924 2795 954 2853 in
968 2814 1039 2868 quos
1053 2813 1127 2854 saxa

259 2899 289 2950 et
304 2894 402 2948 bastae
417 2894 532 2966 longius
542 2896 739 2967 permeabant,
759 2911 843 2967 quam
868 2900 898 2949 ut
923 2896 1069 2952 contrario
1081 2913 1141 2953 sav

258 2993 392 3066 gitlurum
414 2992 493 3048 iaetu
516 2994 753 3065 adaequarentur.
796 2992 874 3048 Dein
889 3010 960 3063 pons
973 2994 1125 3051 continua·

258 3098 312 3157 tus,
339 3094 485 3161 collesque
514 3091 628 3146 adversi
659 3089 817 3162 persocias
841 3092 983 3155 cohortes,
999 3097 1064 3163 post
1085 3094 1125 3150 le·

256 3192 374 3265 gionum
389 3190 490 3247 castris
504 3194 690 3262 occupantur,
711 3194 792 3245 tanta
808 3189 959 3245 celeritate
983 3194 1014 3245 et
1027 3197 1123 3248 osten·

285 3345 340 3390 Pila
358 3344 466 3402 militum]
507 3343 565 3397 Pila,
592 3341 685 3388 missilia
709 3347 775 3387 erant
793 3343 852 3388 terro
870 3342 988 3401 triangulo,
1007 3343 1123 3390 nnciamm

255 3402 385 3456 octodecim,
393 3403 470 3447 hastili
486 3403 565 3462 pedum
582 3416 626 3447 sex.
660 3401 696 3448 De
711 3402 767 3457 Pilo,
778 3403 890 3447 asceteria
905 3402 1002 3447 Romani
1012 3404 1123 3450 exereitus

255 3461 330 3513 armis,
341 3461 393 3528 vide
402 3460 497 3528 Gibbon.
510 3461 538 3505 de
555 3461 645 3531 deeessu
662 3460 751 3529 imperii
768 3460 895 3529 Romeap.
908 3462 940 3530 l..
958 3461 1046 3530 queo
1059 3464 1124 3531 jure·

254 3519 1123 3638 11133ἶέἒζέτῖἒείξιῗὶῗὶᾙωῖεὲῒεξενὲζζιᾟΐξθὶξέιιέιξέιὲξιὲιῖῗεῖἕὲἓίιςεῖξῐζιῗ
1183 3594 1185 3599 ·

254 3639 303 3696 tota
313 3632 431 3700 diligenter
443 3633 555 3700 perlegat.
587 3634 637 3683 Hoc
656 3636 741 3697 labore,
760 3636 784 3684 ni
802 3635 877 3694 fallor,
895 3650 966 3697 aeque
979 3636 1090 3683 delectari
1099 3643 1123 3683 et

253 3691 370 3756 profecisse
380 3689 493 3737 fatebatur.
