2509 4292
318 317 389 387 3⁷6
638 335 890 385 msuourunru
1034 337 1062 381 u.
1075 335 1103 381 v.
1117 336 1163 381 uns.
1210 288 1213 401 i

315 490 564 566 Agrippinensem
582 488 773 564 diripiendum
797 488 977 546 exercitibus
990 486 1044 544 suis
1058 485 1164 559 permit·

317 596 423 657 terent,
449 591 627 648 dubitavere.
690 587 824 646 Seevitie
850 587 965 660 ingenii
988 593 1017 644 et
1040 584 1165 656 cupidine

318 691 443 763 prsedee
459 690 495 746 ed
509 687 656 746 excidium
669 684 800 745 civitatis
822 687 1028 744 trahebantur:
1047 685 1164 741 obstubst

317 788 392 845 retio
404 788 484 852 betti,
502 792 533 844 et
547 803 655 844 novum
680 786 837 857 Imperium
865 784 1070 841 inchoantibus
1094 780 1163 837 utilis

318 886 493 943 clementiae
526 884 611 940 ieme.
663 883 794 940 civitem
814 884 904 940 etiarn
918 880 1056 940 beneficii
1074 895 1164 936 memo
1211 902 1212 975 p

317 983 361 1041 rie
374 983 466 1048 flexit,
493 982 568 1056 quod
582 981 675 1038 iiiium
698 981 770 1043 eim.
791 981 890 1053 primo
909 999 1007 1037 rerum
1035 985 1118 1045 mutu,
1138 976 1163 1030 in
1211 986 1212 1041 j

316 1079 432 1138 colonie
453 1079 664 1152 Agrippinensi
687 1081 909 1150 deprehensum,
935 1080 1074 1136 honorate
1086 1080 1163 1132 custo
1211 1074 1212 1147 t

316 1178 437 1236 (tierent.
479 1178 538 1234 Sed
553 1178 788 1234 'Prunsrheueuis
807 1178 944 1251 gentibue
959 1177 1054 1234 inrisu
1065 1174 1164 1236 civitas,

315 1275 463 1349 opulentis
486 1280 639 1349 euctuque.
680 1277 784 1349 Neque
812 1277 901 1333 otium
925 1277 1016 1332 tinem
1043 1272 1106 1330 beiti
1129 1286 1165 1325 re

315 1375 428 1439 henim,
447 1375 571 1448 quamsi
586 1354 749 1446 promiscue
762 1391 799 1430 ee
812 1376 897 1431 sedes
908 1375 1045 1431 omnibus
1061 1371 1164 1428 Germe·
1211 1364 1212 1383 ¹

316 1472 362 1530 nis
389 1472 472 1539 toret,
492 1478 551 1539 eut,
577 1473 710 1539 disiecto,
731 1473 826 1529 Vbios
853 1490 967 1546 quoque
994 1468 1163 1542 dispersisset.

317 1570 411 1644 Igitur
425 1571 579 1637 Tencteri,
601 1566 705 1628 Rheno
723 1570 852 1627 discrete
884 1589 969 1644 gens,
989 1569 1080 1627 missis
1103 1569 1165 1638 iege·
1211 1594 1213 1622 r

317 1668 365 1736 tis,
399 1670 534 1726 mundato
560 1671 636 1742 epud
666 1668 823 1726 concilium
847 1667 1101 1742 Agrippinensium
1124 1661 1165 1719 edi

318 1763 440 1822 iubent:
459 1783 532 1840 quae
550 1765 746 1824 ferocissimus
760 1784 776 1822 e
792 1767 895 1839 tegetis
917 1769 951 1823 in
978 1769 1053 1822 huuc
1066 1762 1167 1820 modum

267 1866 308 1924 04
319 1863 451 1936 protulit:
473 1870 481 1895 ‘
496 1854 617 1920 Redisse
631 1881 683 1919 vus
710 1864 740 1920 in
755 1880 859 1935 corpus
873 1882 1039 1938 nomenque
1063 1862 1166 1918 Germa·

318 1962 417 2026 ‘uiee‚
456 1962 656 2019 communibus
691 1963 764 2019 Deis
798 1968 829 2018 et
860 1964 1019 2036 praecipuo
1045 1962 1166 2019 Deorum,

320 2061 440 2129 ‘Morti
456 2066 551 2134 grates
576 2061 705 2134 egimus:
735 2061 875 2134 vobisque
902 2065 1086 2134 gratulemur,
1103 2052 1166 2128 quod

319 2161 460 2217 ‘taudem
481 2158 565 2216 liberi
579 2159 655 2216 iuter
683 2158 787 2216 tiberne
801 2159 891 2215 eritis.
934 2161 961 2216 N
967 2178 1024 2216 um·
1040 2159 1075 2213 ed
1099 2155 1164 2210 hunc

318 2258 413 2314 ‘diem
426 2257 544 2315 humine
564 2274 599 2313 ae
620 2264 708 2314 terras
728 2266 758 2314 et
772 2260 886 2314 coelum
913 2251 1164 2331 qumammodoip
1211 2252 1212 2257 ’

318 2362 400 2412 ‘sum
427 2357 591 2413 clauserunt
605 2356 751 2412 Romani:
774 2361 804 2412 ut
817 2356 974 2428 conloquio
1002 2362 1164 2426 congressue

319 2458 393 2526 ‘que
406 2459 520 2510 nostros
544 2461 693 2522 arcerent3
715 2454 773 2520 vei,
794 2454 869 2527 quod
882 2451 1117 2511 contumeliosius
1128 2447 1165 2500 est

319 2549 409 2606 ‘viris
422 2552 459 2606 eri
478 2569 558 2607 uerno
585 2550 671 2617 uatis,
691 2551 816 2608 inermes
839 2567 875 2608 ec
905 2569 994 2623 propp
1023 2548 1097 2613 nerii,
1114 2541 1165 2598 cub

319 2648 455 2703 ‘custode
469 2652 500 2704 et
514 2648 606 2718 pretio
616 2648 769 2707 eoiremus.
811 2649 880 2712 Sed.
902 2654 931 2704 ut
946 2647 1076 2705 amicitie
1088 2640 1168 2698 socie·

318 2748 438 2815 ‘tueque
452 2750 548 2801 nostre
572 2745 602 2802 in
628 2752 777 2804 aeteruum
802 2752 865 2802 retu
890 2746 938 2812 sit,
959 2747 1167 2815 postulamus

318 2839 433 2908 ‘vobin
463 2844 720 2912 mummolenum,
741 2844 918 2901 munimento
946 2840 1069 2908 servitii,
1087 2842 1167 2895 detm-

319 2939 419 2999 ‘hutis
439 2936 542 3017 (eiiam
567 2941 790 3008 feraminum,
808 2942 833 2997 si
847 2943 946 2998 oieueo
961 2947 1070 3006 teneas,
1091 2936 1167 2994 virtu-

238 3024 241 3029 *
319 3040 379 3098 ‘tis
398 3039 608 3096 obliviscuntur
623 3037 644 3114 z)
666 3040 812 3096 Romanos
825 3056 926 3098 omnes
954 3040 985 3096 in
999 3039 1101 3096 tinibus
1114 3049 1168 3089 ves·
1211 3020 1212 3025 ¹

319 3146 328 3173 ⁴
343 3138 393 3196 tris
408 3136 574 3207 trucidetis3
596 3138 670 3194 haud
699 3137 786 3193 facite
800 3138 917 3194 libertus
931 3142 962 3193 et
988 3136 1099 3193 domini
1111 3129 1167 3188 mie·

238 3230 241 3235 ’
319 3240 449 3301 ‘centur¹
469 3236 546 3290 hono
572 3232 787 3290 interfectorum
801 3235 833 3290 iu
861 3234 986 3291 medium
999 3235 1113 3294 cedent,
1134 3243 1166 3284 ne

320 3318 399 3407 ‘qhis
421 3332 554 3389 occulere
586 3333 750 3405 quidquem,
787 3337 836 3388 eut
863 3349 1013 3406 segregate
1046 3339 1165 3386 caumont

319 3437 417 3488 ‘suam
432 3429 534 3503 possit·
571 3430 675 3487 Liceat
703 3430 786 3486 uobis
801 3430 940 3503 vobisque
968 3434 1112 3500 utramque
1136 3420 1165 3477 r'r

319 3533 404 3598 ‘pem
430 3530 537 3596 coiere,
557 3533 588 3584 ut
611 3529 683 3586 oiim
709 3527 863 3585 maioribus
887 3528 1004 3586 nostris.
1035 3519 1165 3601 quomodo
