2509 4292
68 389 96 435 a.
112 386 140 435 o.
157 389 198 435 ru.
351 384 422 433 urs.
449 386 496 435 rr.
546 386 625 434 cns.
653 363 712 434 85.
876 369 948 475 3915

70 538 234 612 respondit.
293 540 353 596 Sed
378 539 542 607 Mucianus,
562 542 640 614 quod
663 541 713 597 diu
740 543 950 611 occultaverat,

72 641 101 694 nt
120 654 231 696 recens
253 638 451 711 exprompsit:
472 638 628 712 ‘quoniam
648 639 829 712 benignitate
853 640 951 697 Deum

71 734 203 793 ‘tractae
219 737 303 794 vires
322 737 451 794 bostium
469 736 574 805 forent,
593 753 693 810 parum
717 739 823 796 decore
850 738 950 795 Durni-

74 833 215 901 ‘tiauirm‚
230 834 371 893 coniecto
384 853 473 910 prope
487 838 574 903 bello,
593 836 710 893 alienae
723 837 833 910 gloriae
859 838 948 894 iuter·

75 935 268 990 ‘venturum
311 934 343 991 Si
365 939 456 991 slatus
476 935 595 1007 Imperii
618 941 669 992 aut
689 937 766 992 salus
788 935 951 994 Galliarum

76 1028 122 1086 ‘iu
151 1032 330 1089 discrimine
362 1037 531 1100 verteretur,
561 1033 696 1090 debuisse
731 1036 901 1097 cassaretur
917 1037 948 1093 iu

77 1124 157 1186 ‘acie
178 1136 279 1187 stare:
301 1131 490 1190 Caninetales
506 1132 692 1207 Batavosque
717 1134 873 1192 minoribus
888 1136 949 1193 Du·

77 1227 174 1284 ‘cibus
188 1230 382 1304 delegandos.
425 1229 493 1302 lpse
512 1231 650 1305 Lugduni
671 1232 732 1289 vim
751 1233 950 1309 fortunamque

80 1326 317 1402 ‘Principatnse
338 1328 471 1402 proximo
494 1334 664 1398 ostentaret,
685 1349 746 1395 nec,
762 1332 859 1405 parvis
879 1333 952 1406 peri·

80 1428 170 1484 ‘nulls
184 1429 340 1496 inmixtus,
360 1435 391 1485 et
405 1428 559 1486 maioribus
585 1449 643 1487 nnn
656 1429 823 1488 defuturus?
862 1432 951 1489 intel·

81 1522 242 1599 ligabantur
256 1533 352 1584 artes:
373 1529 425 1584 sed
446 1546 510 1601 pars
523 1528 655 1602 obsequii
677 1528 708 1586 in
729 1547 774 1595 eo,
793 1547 831 1585 ne
851 1531 951 1602 depre-

83 1622 283 1683 henderentur.
304 1625 346 1683 ita
369 1627 542 1701 Lugdunum
571 1631 701 1684 ventum.
739 1627 831 1683 Vnde
857 1627 950 1684 credi·

86 1723 127 1777 tur
140 1724 330 1782 Domitianus
349 1724 473 1782 occultis
493 1727 530 1783 ad
554 1724 702 1783 Cerialem
729 1723 837 1782 nuntiis
864 1725 951 1782 fidem

84 1817 140 1876 elus
160 1823 336 1890 tentavisse,
357 1828 415 1880 ‘an
436 1824 581 1896 praesenti
600 1824 657 1881 sibi
677 1823 839 1881 exercitum
858 1824 952 1895 Impe-

84 1917 224 1995 ‘rinmque
250 1922 405 1979 traditurus
432 1920 523 1979 toret?
552 1939 608 1997 qua
640 1923 817 1997 cogitatione
844 1924 952 1980 bellum

84 2015 217 2077 adversus
231 2025 345 2093 patrem
359 2019 526 2094 agitaverit,
540 2037 577 2077 an
598 2037 669 2092 open
694 2020 827 2094 viresque
850 2021 953 2077 adver·

88 2127 131 2170 sus
155 2117 283 2188 tratrem,
307 2117 339 2175 in
368 2118 483 2197 incerto
502 2117 565 2176 tuit.
596 2134 664 2175 num
698 2117 821 2175 Cerialis
844 2116 952 2175 salubri

88 2216 310 2288 temperamento
329 2217 428 2285 elusit,
448 2222 479 2273 ut
501 2234 577 2274 vana
602 2215 750 2289 pueriliter
774 2214 950 2288 cupientem.

91 2311 280 2383 Domitianus,
295 2316 392 2389 sperni
406 2334 424 2373 a
437 2315 597 2373 senioribus
617 2317 768 2373 iuventam
794 2331 877 2371 suam
890 2331 951 2371 cer·

90 2425 166 2477 nens,
188 2417 307 2474 modica
320 2432 434 2491 quoque
453 2420 483 2471 et
498 2424 633 2488 usurpata
644 2396 743 2471 'autea
769 2412 867 2469 munia
894 2413 950 2470 lm·

92 2510 157 2579 perti
179 2517 351 2573 omittebat:
371 2510 566 2586 simplicitatis
590 2530 626 2570 ac
640 2511 799 2568 modestiae
813 2509 950 2585 imagine,

92 2603 120 2661 in
142 2611 322 2670 altitudinem
349 2612 492 2679 conditus,
522 2611 705 2686 studiumque
732 2610 893 2669 litterarum
919 2615 951 2667 et

93 2722 209 2773 amorem
235 2715 399 2775 carminum
424 2696 573 2783 Rutulam,
604 2731 661 2789 quo
687 2715 798 2771 velaret
822 2713 950 2771 animum

97 2811 123 2862 sl
146 2811 235 2873 tratris
264 2814 454 2873 aemulationi
468 2814 681 2881 subduceretur,
701 2813 783 2870 cuius
807 2812 951 2887 disparem

97 2904 286 2991 minoremque
299 2918 431 2972 naturam
445 2917 548 2972 contra
567 2911 818 2988 interpretabatur.
