2509 4292
295 281 373 352 »116
466 328 469 335 -
649 304 833 353 saurauer
925 326 929 333 ·
1025 309 1172 358 svam,

239 440 271 491 ·'
298 450 380 513 ‘rum
405 456 495 529 pudor
515 463 643 530 caperet,
666 457 754 516 inrita
787 476 840 532 spe
865 459 985 534 agitari:
1022 462 1171 534 multoque

297 554 412 628 ‘magis
425 554 594 622 timendum,
613 573 651 613 ue
672 557 703 613 iu
727 557 892 630 coniugem,
911 559 942 614 in
964 559 1121 623 familiam,
1140 558 1170 615 in
1220 594 1221 643 l

296 656 414 710 ‘cetera
429 653 550 727 pignora
569 652 631 710 eius
645 653 783 711 saeviret.
825 656 952 712 Proinde
966 657 1169 722 intemeratus,
1220 646 1221 737 ¹

297 751 482 826 ‘inpollutus,
495 768 612 826 quorum
628 752 761 826 vestigiis
775 759 805 809 et
818 754 922 811 studiis
934 756 1029 812 vitam
1041 753 1169 821 duxerit,
1220 746 1221 827 l

297 856 416 907 ‘eorum
429 850 521 924 gloria
541 854 653 922 peteret
663 849 771 907 tinem.’
813 852 924 908 Aderat
933 853 1065 909 oonsilio
1074 850 1169 908 Rusti·
1220 834 1221 927 ]

297 964 349 1005 cus
371 949 525 1017 Arulenus,
554 947 679 1021 flagrans
704 948 829 1015 iuvenis,
859 955 889 1005 et
909 950 1054 1023 cupidine
1080 947 1169 1005 laudis
1220 942 1221 1015 ζ

296 1045 442 1111 offerebat,
455 1053 504 1101 ‘se
527 1045 753 1104 intercessurum
775 1048 901 1104 Senatus
922 1049 1083 1105 consulto:
1105 1044 1168 1102 nana
1220 1070 1221 1129 3

296 1144 389 1217 plebis
398 1142 627 1200 'l'ribunuserat
670 1144 809 1202 cohibuit
817 1145 934 1217 spiritus
943 1146 1007 1202 eius
1023 1145 1168 1210 Thrasea,
1220 1152 1221 1213 ᾖ

295 1246 352 1297 ‘ne
368 1258 444 1297 vana
457 1246 487 1298 et
501 1258 551 1298 reo
575 1258 633 1298 non
654 1236 807 1314 protutura,
820 1241 1006 1300 intercessori
1032 1242 1167 1306 exitiosa,
1220 1224 1221 1275 ἕ

295 1337 466 1411 ‘inciperet
508 1338 573 1396 Sibi
595 1344 691 1396 actam
715 1346 851 1407 aetatem,
873 1346 903 1398 et
927 1346 970 1399 tot
994 1359 1049 1413 per
1074 1355 1164 1396 annus
1220 1382 1221 1411 ᾗ

294 1436 481 1495 ‘continuum
509 1437 588 1493 vitae
615 1437 746 1508 ordinem
775 1457 835 1496 non
866 1441 1082 1497 deserendum:
1117 1436 1161 1493 illi
1220 1448 1221 1511 j

294 1534 427 1591 ‘initium
454 1534 678 1608 Magistratuum
704 1542 735 1593 et
760 1537 885 1610 integra,
904 1555 978 1612 quae
1005 1535 1163 1610 supersint.

293 1638 303 1664 ⁴
315 1631 441 1689 Multum
454 1638 523 1688 ante
544 1650 645 1690 secum
658 1636 848 1707 expenderet,
862 1637 946 1708 quod,
968 1635 1077 1718 taliin
1090 1639 1159 1690 tem·
1220 1626 1221 1649 ¹

294 1735 392 1802 ‘pore‚
418 1732 615 1802 capessendae
647 1732 838 1806 Reipublicae
862 1712 918 1790 iter
942 1727 1164 1806 ingrederetur-⁹
1220 1774 1221 1787 2

294 1827 432 1884 ceterum
446 1828 517 1899 ipse,
530 1846 568 1885 an
583 1829 685 1887 venire
698 1830 730 1887 iu
742 1832 882 1888 Senatum
894 1832 1023 1898 deceret,
1038 1828 1159 1887 medita·

240 1935 283 1996 Ἦ
296 1927 367 1983 linui
382 1943 450 1984 suae
465 1927 590 2001 reliquit.
633 1929 675 1985 At
687 1934 799 2001 postera
812 1932 885 1996 luce,
895 1930 969 1985 duae
991 1927 1160 1985 Praetoriae

294 2027 429 2082 cohortes
440 2031 568 2083 armatae
583 2029 723 2099 tempium
746 2026 914 2083 Genetricis
938 2027 1069 2083 Veneris
1087 2025 1160 2082 inse·
1220 2014 1221 2109 ¹

294 2125 373 2180 dere.
417 2124 537 2182 Aditum
553 2126 678 2182 Senatus
697 2126 799 2198 globus
818 2129 978 2198 togatorum
997 2125 1160 2204 obsederat,
1220 2120 1221 2137 ¹

294 2239 354 2278 nnn
368 2223 491 2280 occultis
505 2222 623 2296 gladiis:
645 2222 822 2296 dispersique
837 2241 888 2295 per
900 2224 960 2279 lora
974 2240 1010 2280 ac
1026 2222 1160 2280 basilicas
1220 2246 1221 2283 r

294 2321 381 2377 cunei
406 2321 556 2377 militares.
576 2319 654 2377 inter
679 2337 799 2394 quorum
826 2322 979 2393 adspectus
1007 2329 1039 2377 et
1068 2320 1157 2378 minas
1220 2334 1221 2369 t

293 2417 417 2488 ingressi
441 2419 550 2474 curiam
576 2420 741 2475 Senatores.
782 2419 822 2474 Et
844 2419 1159 2492 oratioPrincipis'per
1220 2406 1221 2461 Ϊ

294 2515 485 2581 Quaesturam
519 2516 581 2573 eius
608 2516 707 2573 audita
741 2522 795 2574 est.
837 2517 954 2575 nemine
988 2513 1156 2576 nominatim

293 2610 478 2681 compellato,
500 2619 595 2684 patres
622 2616 770 2688 arguebat,
801 2614 896 2688 ‘quod
917 2616 1034 2688 publica
1061 2611 1155 2672 munia

292 2710 487 2776 ‘desererent,
511 2727 665 2785 eorumque
693 2713 970 2786 exemplo'Equites
1001 2715 1086 2771 Rom.
1119 2708 1154 2766 ad
1220 2786 1221 2791 ἵ

291 2806 464 2880 ‘segnitiam
480 2815 669 2867 verterentur.
710 2811 839 2877 Etenim,
858 2812 928 2885 quid
942 2812 1055 2878 mirum,
1068 2831 1086 2867 e
1100 2812 1154 2866 lon·

292 2905 423 2981 ‘ginquis
467 2907 628 2978 provinciis
661 2908 738 2965 haud
779 2908 884 2977 veniri,
918 2926 985 2966 cum
1019 2910 1154 2982 plerique,

294 3006 410 3080 ‘adepti
439 3007 630 3082 Consulatum
656 3011 687 3062 et
716 3006 895 3074 Sacerdotis,
917 3008 1064 3064 hortorum
1088 3003 1154 3079 poti·

295 3117 346 3167 ‘us
387 3105 556 3164 amoenitati
592 3104 768 3161 inservirent
783 3103 800 3160 :’
843 3107 919 3178 quod
946 3106 1028 3161 velut
1069 3107 1153 3161 telum

243 3209 445 3282 28adripuere
474 3208 666 3262 adcusatores.
707 3204 756 3268 Et,
783 3203 899 3260 initium
925 3197 1054 3260 faciente
1085 3204 1150 3261 Cos·

295 3308 420 3376 sutiano,
440 3305 548 3362 maiore
576 3302 608 3358 vi
637 3302 804 3369 Marcellus,
823 3300 986 3358 ‘summam
1017 3301 1154 3374 Rempub·

295 3408 405 3463 ‘licam
435 3401 501 3478 agi?
540 3401 725 3459 clamitabat:
758 3400 961 3457 ‘contumacia
993 3399 1152 3456 inferiorum

294 3506 466 3562 ⁴lenitatem
480 3499 677 3573 lmperitantis
688 3498 826 3556 deminui.
869 3497 1001 3554 Nimium
1017 3497 1103 3553 mites
1120 3492 1152 3552 ad

295 3611 377 3682 “eam
395 3600 475 3658 diem
488 3600 599 3669 Patres,
619 3598 669 3675 qui
689 3598 853 3658 Thraseam
874 3594 1086 3665 decisccntem,
1110 3588 1153 3669 qui
