2509 4292
128 294 207 345 Μ.
222 296 260 343 71.
358 297 428 344 atu.
456 297 504 347 lv.
624 318 654 324 -
693 305 726 348 ·'
774 315 778 328 ⁴
818 331 828 350 .

129 464 217 523 pane
236 450 289 507 sed
302 451 426 523 carptim
439 468 474 509 ao
496 452 621 527 singuli:
642 472 698 528 quo
712 456 857 513 tutissimo
873 460 1001 518 remedio

129 564 292 607 eonsensum
306 551 499 611 multitudinis
512 559 695 611 extenuatur.
739 556 876 612 Ceterum
892 575 999 615 verane
1009 564 1051 625 47

128 650 278 721 pauperie,
291 666 330 705 nu
345 650 386 706 uti
403 650 557 717 videretur,
571 658 668 709 autum
682 652 712 708 in
738 654 858 718 Senatu,
872 661 920 710 ‘nt
934 674 999 712 sex·

129 747 263 805 ‘omnes
286 748 481 806 sestertiuma
506 751 626 822 privatis
642 756 769 808 mutuum
793 753 998 825 acciperetur!

126 844 372 919 Praepositusque
404 847 433 904 ei
463 865 550 905 ourae
582 850 733 922 Poppaeus
764 852 912 908 Silvanus.
941 866 998 908 nee

122 947 223 1002 nullo
246 952 311 1018 pust
331 948 494 1004 nenessitas
514 947 595 1013 abiit,
622 949 686 1005 sive
711 950 816 1007 amiam
841 949 996 1005 simulatio.

124 1043 276 1117 anagnu
307 1045 388 1110 iude,
415 1048 511 1119 legem
543 1047 655 1104 terente
677 1049 859 1115 Domitiano,
886 1049 998 1105 Consu·

121 1143 213 1208 latus.
240 1161 313 1216 quos
342 1144 483 1201 Vitellius
512 1147 642 1203 dederm.
697 1147 852 1220 Fuuusque
887 1147 997 1203 Censo-

123 1240 200 1298 rium
215 1242 323 1299 Flavio
345 1242 456 1301 Sabino
477 1243 615 1301 dirutum:
637 1262 740 1318 magua
765 1247 940 1301 documenta
953 1245 996 1301 in·

124 1339 241 1396 stabilis
255 1341 413 1407 Fortunae,
427 1358 594 1416 summaque
608 1349 638 1398 et
662 1343 718 1400 ima
733 1342 891 1400 miscentis.
936 1344 996 1399 Sub
1006 1348 1047 1405 48

125 1436 206 1495 ide·
219 1445 333 1510 tenuas
344 1440 381 1499 1..
406 1439 475 1497 Piso
495 1441 655 1498 Proconsul
680 1441 859 1498 interficitur.
900 1440 944 1511 Ea
958 1442 996 1497 de

124 1539 217 1594 unde
235 1555 320 1610 qnam
335 1538 485 1605 verissime
505 1541 673 1612 expediam,
693 1540 718 1595 si
744 1556 834 1609 pauca
848 1556 933 1610 supra
953 1557 996 1596 rs·

124 1636 247 1710 petiero,
260 1639 300 1694 ab
320 1637 407 1694 initio
429 1639 595 1711 oauss‘uqua
623 1638 724 1694 talium
748 1636 906 1692 facinorum
936 1654 994 1694 non

122 1737 259 1793 amnuo.
297 1737 392 1809 Legio
413 1737 444 1793 iu
469 1737 573 1793 Alries
590 1736 758 1809 auxiliaque
785 1735 913 1792 tutandis
937 1735 994 1792 lm·

123 1834 199 1907 perii
217 1834 333 1899 hibin,
346 1837 400 1891 sub
423 1835 462 1892 D.
490 1837 622 1909 Augusto
647 1833 825 1906 Tiberioque
852 1833 994 1906 Principi-

122 1934 187 1996 bus
209 1933 383 2011 Broonusuli
407 1935 557 2006 parebant.
599 1932 672 1990 bloi
701 1933 735 1989 C.
765 1934 882 2001 Caesar,
906 1931 993 1988 turbi-

121 2031 178 2088 dus
209 2031 310 2096 animi,
339 2047 376 2087 no
397 2031 440 2089 M.
474 2031 618 2096 Silanum,
637 2030 818 2086 obtinentem
851 2030 992 2097 Africam,

120 2135 266 2195 metuens,
298 2131 425 2187 ablatam
456 2129 628 2186 Proconsuli
660 2128 814 2201 legionem,
845 2127 933 2183 misso
959 2128 992 2185 in

121 2245 190 2285 eam
204 2245 263 2285 rem
290 2229 403 2300 [iegato
426 2228 555 2285 tradidit.
576 2234 714 2301 aequatus
741 2227 819 2283 iuter
844 2227 915 2282 duos
940 2229 990 2283 be·

119 2326 291 2384 ueliointum
310 2333 507 2394 uumerunet,
535 2326 635 2383 mixtis
664 2326 808 2398 utriusque
835 2325 989 2392 mandatis,

119 2422 267 2482 ‹lisoordia
289 2426 430 2498 masnila,
444 2432 587 2500 auctaque
611 2441 702 2498 pravo
723 2424 892 2480 certamine.
935 2425 989 2481 Le·

120 2530 252 2596 gaiorum
280 2523 326 2579 vis
349 2523 480 2581 adulavit
503 2522 692 2580 diuturnitate
720 2522 818 2587 officii,
846 2524 894 2577 vel
922 2523 989 2596 quia

119 2621 279 2679 minoribus
287 2620 379 2677 maior
390 2621 555 2677 demutandi
569 2620 878 2690 uurn;,Pruoonsulnnu
894 2623 989 2694 splen·

118 2719 287 2777 didissimus
306 2722 425 2793 quisque
438 2718 588 2777 securitati
606 2719 709 2793 magis,
731 2737 816 2793 qnam
838 2721 987 2793 potentiae

116 2819 319 2875 consulebant.
362 2820 421 2877 Sed
436 2824 496 2875 tntu
520 2817 667 2891 legionem
686 2818 717 2874 iu
741 2819 845 2875 Atrius
869 2822 986 2891 regebat
998 2811 1039 2868 49
1081 2810 1084 2813 ’

117 2914 258 2972 Velerius
292 2917 406 2983 Festus,
426 2922 608 2988 sumptuosae
636 2917 864 2979 adolescentiae,
892 2932 986 2988 neque

117 3013 236 3071 modies
266 3013 397 3087 cupiens,
420 3020 452 3072 et
477 3014 628 3072 adfinitate
657 3013 775 3068 Vitellii
801 3012 913 3069 ansius.
957 3015 986 3069 ls

119 3112 230 3169 crebris
243 3112 421 3170 sermonibus
435 3112 631 3170 tentaveritue
656 3111 793 3167 Pisonem
817 3111 853 3166 ad
867 3128 912 3165 res
937 3127 986 3166 no·

118 3225 184 3276 uas,
210 3226 250 3267 au
274 3212 400 3268 tentanti
423 3211 570 3280 restiterit,
589 3210 750 3277 incertum
781 3208 916 3282 quoniam
942 3226 986 3264 se·

117 3313 202 3368 uretu
228 3326 327 3388 eorum
355 3328 442 3368 neruo
467 3311 570 3378 adluit,
596 3314 636 3375 et,
662 3308 762 3366 oooiso
791 3307 906 3373 Pisone,
927 3308 985 3379 ple·

117 3406 198 3482 rique
229 3410 266 3465 ad
299 3409 422 3483 gratiam
453 3409 645 3468 interfectoris
676 3408 866 3466 inclinavere.
918 3406 984 3461 Nee

117 3506 283 3582 ambigitur,
316 3506 498 3581 provinciam
531 3517 561 3569 et
594 3513 718 3571 militem
755 3510 884 3568 alienato
916 3521 985 3579 erga
