2509 4292
109 323 141 368 a
158 320 188 367 c.
206 316 243 367 er.
339 320 411 367 um.
436 321 494 369 xv.
543 321 624 370 cae.
652 302 818 374 iil—42.
921 292 984 377 'ta

105 472 209 530 Roma
222 472 385 530 dividitur:
406 491 525 549 quarum
537 482 661 550 quatuor
673 477 805 552 integrae
819 482 984 551 manebant,

108 575 171 627 tres
185 573 251 627 snln
274 576 358 629 tenus
380 573 530 632 deiectae:
552 581 667 647 septem
682 577 801 650 reliquis
815 568 906 650 pausa
926 587 984 640 tee-

106 672 209 725 tnrum
222 670 348 744 vestigia
371 680 549 744 supererunt,
575 676 717 732 laueraet
734 676 885 734 semiusta.
927 679 985 737 Du·

109 784 217 824 muum
238 773 269 826 et
279 769 437 826 insularum
451 778 480 827 et
496 774 677 845 templorum,
704 791 779 847 quae
791 776 898 833 amusa
909 782 986 846 suut,

111 882 268 923 numerum
280 869 355 925 inire
379 869 456 925 haud
472 877 632 942 promptum
655 872 761 929 luerit:
784 875 837 930 sed
852 875 986 933 vetustis·

105 963 188 1021 sima
203 966 350 1039 religione,
363 969 440 1042 quud
456 971 577 1028 Servius
597 970 715 1028 Tullius
727 973 839 1041 Lunae,
854 979 886 1031 et
899 974 986 1048 ‘Mag'

110 1080 154 1119 na
183 1081 234 1119 ara
260 1065 423 1138 sanumque,
451 1084 525 1141 quae
564 1070 710 1139 praesenti
738 1072 858 1129 Herculi
890 1076 984 1130 Areas

110 1161 256 1219 Evander
282 1172 457 1234 sacraverat.
483 1168 626 1240 aedesque
651 1170 775 1226 Statoris
800 1169 891 1235 lovis,
915 1176 985 1230 vota

109 1261 251 1328 Romulo,
273 1263 444 1337 Numaeque
465 1265 554 1338 regia,
574 1267 765 1324 etdelubrum
784 1268 895 1326 Vestae
915 1286 984 1328 eum

111 1358 275 1416 Penatibus
305 1361 409 1432 Populi
437 1363 573 1430 Romani,
593 1371 707 1421 exusta.
749 1367 811 1422 lam
833 1383 915 1440 opes,
939 1372 984 1425 tot

109 1458 248 1516 victoriis
274 1463 432 1533 quaesitae,
459 1470 488 1518 et
527 1464 708 1520 Graecarum
735 1464 840 1521 artium
866 1468 983 1533 deeora,

112 1557 186 1614 exin
201 1559 382 1615 munimenta
405 1560 588 1633 ingeniorum
613 1562 732 1635 antiqua
746 1570 776 1619 et
790 1563 981 1637 inennrnpta:

108 1660 257 1730 quamvis,
287 1658 318 1713 iu
347 1664 429 1715 tanta
453 1659 628 1732 resurgentis
657 1661 734 1717 urbis
759 1663 982 1733 pulchritudine,

112 1757 206 1811 multa
230 1756 359 1812 seniores
374 1756 567 1822 meminerint,
582 1776 656 1830 quae
674 1760 799 1831 reparari
813 1763 982 1835 nequibant.

112 1852 222 1918 Fuere,
236 1854 285 1927 qui
298 1855 479 1922 adnotarent,
501 1855 588 1912 xiv.
611 1856 735 1914 Kalend.
758 1860 887 1915 Sextiles
908 1861 983 1932 prin·

112 1950 225 2022 ulpium
252 1951 383 2009 incendii
409 1953 492 2010 huius
513 1961 685 2028 ortumque
708 1961 739 2011 et
760 1958 893 2012 Senones
914 1972 982 2028 nap-
1016 2032 1020 2037 Ι
1058 2022 1063 2031 Ι

112 2054 177 2106 tam
214 2052 313 2107 urbem
350 2051 613 2108 inflammaverunt.
644 2053 696 2110 alii
720 2070 756 2108 eo
783 2070 872 2126 usque
912 2068 983 2109 eura

108 2149 389 2222 progressumque
412 2150 533 2207 totidem
558 2166 651 2205 annos
666 2166 837 2222 mensesque
861 2157 891 2206 et
916 2149 981 2208 dies

111 2246 191 2303 iuter
218 2251 337 2321 utraque
361 2246 499 2304 incendia
531 2252 694 2304 numerent.
737 2247 874 2304 Ceterum
901 2249 1033 2312 Nerati}

111 2364 181 2403 usus
194 2351 240 2403 est
259 2338 369 2419 patriae
395 2347 494 2414 ruinis,
514 2346 717 2421 exstruxitque
740 2347 865 2413 domum,
881 2347 982 2422 inqua

109 2444 187 2501 haud
217 2445 336 2517 perinde
365 2463 498 2519 gemmae
518 2451 549 2502 et
582 2463 682 2529 aurum
713 2447 853 2503 mirauuln
872 2451 980 2516 essent,

111 2545 203 2601 solita
224 2544 334 2617 pridem
354 2550 384 2600 et
405 2547 475 2601 luxu
496 2546 624 2619 vulgata,
638 2561 723 2619 quam
736 2561 807 2601 arva
826 2549 857 2603 et
874 2552 980 2620 stagna

110 2649 143 2702 et
164 2643 196 2700 iu
218 2644 334 2699 medum
365 2642 554 2699 solitudinum
574 2643 644 2700 hine
664 2643 770 2710 silvae,
789 2641 857 2700 inde
877 2650 979 2717 aperta

109 2742 208 2816 spatia
230 2747 261 2797 et
280 2748 470 2815 prospectus:
500 2740 645 2813 magistris
675 2745 706 2797 et
734 2742 978 2801 machinatoribus

110 2841 230 2900 Severo
247 2844 278 2895 et
300 2840 416 2906 Oelere,
436 2841 538 2914 quibus
553 2840 700 2914 ingenium
721 2844 751 2897 et
771 2842 892 2899 audacia
905 2846 978 2910 erat,

110 2940 203 2998 etiam
229 2956 303 3014 quae
324 2945 425 2997 natura
445 2939 660 3014 denegavisset,
682 2957 732 3012 per
750 2944 840 2997 artem
864 2947 977 3021 tentare

111 3044 144 3095 et
165 3036 275 3094 viribus
303 3037 449 3109 Principis
480 3037 619 3094 inludere.
671 3038 814 3112 Namque,
834 3038 891 3092 ‘ab
911 3040 977 3093 lucu

109 3138 256 3196 ‘Averno
269 3134 479 3209 *navigabilem
498 3135 604 3193 iussam
618 3152 708 3210 usque
731 3136 768 3192 ed
782 3134 859 3191 ostia
886 3131 977 3192 Tibe·

138 3307 284 3368 tamnen]
316 3308 409 3364 Demos,
430 3307 540 3369 primores
558 3307 626 3362 urbis,
650 3306 743 3362 insulas,
769 3304 831 3365 plebs
850 3303 975 3372 helltehst.

109 3367 239 3428 Vndequae
254 3369 284 3414 de
299 3369 342 3414 hee
359 3381 384 3412 re
395 3369 443 3426 jam
460 3367 554 3415 diximus
568 3367 592 3415 iu
610 3365 679 3414 Notis
692 3370 716 3412 et
734 3362 930 3412 ummueuouuer
946 3365 976 3413 ud

107 3427 259 3476 annatim
270 3431 307 3475 2³.
339 3427 403 3473 Brut.

138 3504 231 3551 strum
238 3505 310 3566 Ievis]
344 3506 369 3551 lu
379 3505 465 3552 decima
474 3505 534 3552 urbis
543 3505 642 3575 regique,
652 3509 676 3549 et
690 3500 789 3552 Palatini
802 3500 883 3553 nonus
891 3499 979 3553 radice

108 3563 202 3623 Templi
211 3563 352 3627 sonasque
360 3563 468 3626 orium
476 3565 544 3614 doust
552 3565 638 3613 haus.
651 3563 670 3612 l.
680 3565 717 3612 12.

147 3661 218 3706 von.
238 3664 274 3705 11.
593 3648 609 3701 7
