2509 4292
138 360 277 413 acer,
359 364 432 413 urs.
461 364 533 414 xrs.
583 367 664 414 cae.
684 344 851 413 18.-21.
965 343 1010 410 17

135 520 144 549 ⁴
156 521 273 589 tempus
287 522 398 576 structa
425 520 508 577 ludos
520 519 569 576 edi
597 518 718 575 solitosz
740 520 799 584 rel,
811 517 837 575 si
852 516 1011 579 vetustiora

137 619 287 686 trapetas,
300 623 429 675 stantem
456 620 593 690 populum
606 617 802 690 spectavisse,
815 632 863 682 ne,
876 615 903 672 si
915 614 1010 673 consi·

136 715 248 782 ‘deceta
263 716 378 772 theatro
390 716 454 773 dies
468 721 544 777 totos
557 714 678 789 ignaria
691 714 886 771 continuaret
922 714 1011 785 Spec-

137 815 322 870 ‘taculorum
350 776 467 888 quidem
493 813 653 888 antiquitas
679 817 854 877 servaretur,
876 810 1011 885 quotiens

139 908 314 967 ‘Praetores
338 913 471 974 menni,
499 913 580 969 nulla
600 911 737 984 cuiquam
760 907 1011 967 civiumrrecessi·

133 1012 214 1064 ‘tate
223 1008 366 1067 cerhndi.
382 1009 523 1069 Celerum
534 1009 659 1067 abolitos
668 1007 820 1082 paullatim
828 1007 938 1081 patrios
952 1023 1011 1065 nso

135 1112 213 1173 tres,
227 1104 358 1165 funditus
371 1107 468 1165 averli
481 1125 532 1180 per
544 1107 671 1165 accitam
686 1105 849 1171 lasciviam,
864 1112 905 1174 ut,
933 1105 1010 1181 qood

135 1211 279 1283 ‘mquam
292 1207 436 1278 corumpi
450 1213 675 1278 etcorrumpere
688 1211 784 1279 quat,
797 1205 830 1262 iu
844 1207 914 1262 urbe
930 1205 1007 1262 viss·

134 1310 211 1373 ‘tur,
230 1304 448 1378 degeneretque
467 1304 570 1363 studiis
582 1305 713 1361 externis
726 1305 874 1369 iuventus,
887 1319 1010 1379 gymna-

136 1402 201 1459 ‘sis
234 1406 265 1458 el
289 1401 351 1459 otis
372 1407 402 1458 et
418 1407 515 1472 turpes
531 1419 645 1461 amores
673 1404 850 1469 exercendo,
870 1401 1008 1475 Principe

135 1503 187 1557 ‘et
216 1500 329 1557 Senatu
362 1501 542 1568 auctoribus3
570 1500 621 1574 qui
653 1518 713 1558 non
738 1501 825 1559 modo
854 1500 1008 1559 licentiam

135 1597 244 1655 ‘vitiis
275 1598 549 1681 permiserint&
576 1598 638 1656 vim
662 1598 836 1657 adhibeant:
867 1598 1008 1657 Proceres

136 1696 301 1762 ‘Romani
326 1696 425 1767 specie
461 1696 628 1754 orationum
657 1703 688 1755 et
714 1698 885 1765 erminum,
917 1712 1010 1755 scens

136 1797 332 1868 ‘polleantne
353 1794 422 1869 qnid
443 1812 604 1866 superesse,
625 1796 682 1853 nisi
696 1803 728 1855 ot
750 1813 871 1871 corpora
894 1813 1008 1872 quoque

136 1896 271 1952 laudent
284 1900 315 1952 et
329 1901 444 1952 caestus
456 1895 620 1963 edomant,
639 1913 745 1971 easque
759 1913 870 1970 pugnas
884 1913 936 1969 pro
956 1894 1008 1953 mi-

138 1993 225 2050 ‘litia
240 1998 271 2050 et
298 1992 386 2051 armis
407 1990 608 2051 meditentur?
650 1996 700 2053 An
722 1994 864 2053 iustitiam
887 1991 1009 2066 spgurii,

138 2097 186 2150 ‘et
211 2092 349 2151 decurias
378 2091 517 2165 Equitum
543 2092 695 2166 egregium
727 2090 881 2149 iudicandi
905 2106 1009 2147 munus

138 2194 340 2265 ‘expleturae
360 2191 386 2248 si
399 2190 506 2248 tractu
529 2197 662 2249 sonoset
686 2190 875 2247 dulcedinem
901 2204 1009 2247 vocum

138 2291 253 2364 ‘petits
266 2287 443 2348 audissent?
463 2291 577 2348 Noctes
589 2306 703 2364 quque
717 2288 855 2346 dedecori
868 2288 1008 2357 adiectas,

137 2393 196 2446 ‘ce
225 2388 305 2463 quod
325 2395 441 2460 tempus
474 2388 576 2460 pardori
603 2376 792 2462 relinquatur,
829 2388 891 2452 sed,
917 2391 1008 2471 coetu

138 2485 334 2559 ‘promiscua
362 2487 438 2560 prod
460 2486 670 2559 perditissimos
696 2487 817 2562 quisque
848 2504 900 2560 per
927 2486 1008 2544 diem

139 2584 370 2658 ‘concupiverit
394 2602 446 2658 per
470 2587 604 2642 tenebras
630 2583 756 2643 audeat!
796 2585 929 2647 Pluribus
944 2586 1006 2659 ipsa
1017 2582 1059 2641 Ἦ

138 2683 260 2741 heerrtia
274 2684 419 2756 placebat,
439 2699 475 2740 ac
489 2688 587 2741 umen
601 2684 724 2742 honesta
738 2684 856 2742 nomina
875 2689 1008 2758 praeten-

137 2781 263 2840 debantz
285 2781 432 2839 funum
455 2798 569 2855 quoque
596 2799 656 2839 non
687 2783 868 2841 abhorruisse
894 2787 1008 2855 specta·

17 2864 18 2867 ¹
139 2883 290 2939 ‘colonam
302 2878 537 2946 oblectamentis,
551 2897 604 2952 pro
630 2880 754 2948 fortuna,
767 2899 840 2955 quae
854 2886 914 2943 turu
927 2884 1007 2949 erata

140 2984 251 3053 ‘enque
266 2995 284 3035 a
299 2970 411 3041 Turul
434 2977 725 3045 weitoshistriooes,
739 2997 757 3036 a
772 2980 894 3038 Thuriis
921 2995 1007 3053 equo-
1051 3022 1060 3047 ,
1177 3004 1182 3013 ’

140 3082 216 3135 ‘rum
231 3076 412 3134 certamina:
432 3080 472 3145 at,
487 3093 619 3150 possesm
635 3078 752 3136 Achaia
769 3077 907 3151 Asiaque
923 3076 1006 3132 ludes

141 3176 285 3232 ‘curatius
306 3175 423 3232 editos:
444 3193 500 3235 nee
529 3193 703 3251 quemquam
729 3177 854 3240 Romae,
883 3174 1008 3230 honesto

142 3275 223 3330 ‘loco
235 3279 341 3337 ortum,
355 3274 393 3330 ad
413 3274 572 3340 theatrales
595 3280 672 3331 artes
702 3271 937 3347 degeneravisse,
956 3273 1007 3329 du·

143 3371 257 3427 ‘centis
270 3371 331 3427 iam
343 3371 461 3428 annisa
488 3373 524 3430 L.
547 3371 682 3429 Mummii
706 3370 860 3443 triumpho,
883 3370 937 3445 qui
951 3371 1008 3444 pri·

143 3473 225 3524 ‘mus
247 3469 276 3526 id
291 3486 382 3543 genus
410 3469 572 3543 spectaculi
586 3469 617 3527 iu
640 3471 710 3527 urhe
733 3468 904 3542 praebuerit
945 3469 1009 3528 Sed

144 3569 196 3622 ‘et
215 3571 379 3626 consultum
412 3569 620 3645 parcimoniae,
651 3572 732 3655 quod
757 3577 895 3647 perpetua
921 3571 1013 3626 sedes

186 3681 256 3724 ron.
276 3684 313 3728 rr,
592 3664 641 3724 2*
