2509 4292
276 332 325 400 76
611 349 796 398 sanatura
1005 352 1035 397 a.
1050 349 1082 397 v.
1098 352 1154 399 aaa.

274 523 326 562 nos
345 505 519 578 appellabat.
561 504 674 562 Auctor
694 502 823 560 nominis
842 501 906 559 eius
920 500 1151 570 CHRISTUS,

276 603 400 662 'l'iberio
433 603 626 677 imperitante,
670 619 721 675 per
755 602 975 658 Procuratorem
1002 601 1152 679 'Pontium

275 703 402 762 Pilatum
429 703 572 775 supplicio
605 701 737 759 adiectas
766 706 837 757 arat.
892 701 1096 774 Repressaque
1117 701 1151 758 in

276 820 412 876 praesens
445 801 606 858 exitiabilis
639 799 805 871 superstitio
838 817 933 856 rursus
966 801 1150 872 erumpebat,

276 919 336 958 non
363 902 449 957 morlo
477 918 527 973 per
560 900 713 964 Judaeum,
734 897 876 971 originem
907 897 969 955 eiua
990 898 1072 965 mali,
1099 899 1153 955 aed
1241 934 1242 943 κ

276 1018 328 1073 per
352 1001 450 1057 urbem
473 998 571 1065 etiam,
595 1015 652 1072 qao
678 1003 786 1054 anneta
814 995 941 1071 undique
965 998 1077 1053 atrooia
1099 1002 1152 1055 aut

276 1099 410 1172 pudenda
443 1098 593 1155 aontiauat
626 1100 899 1170 celebranturque
932 1096 1025 1170 igitur
1056 1100 1155 1170 primo

274 1290 313 1323 ut
339 1289 441 1324 mutem
458 1274 564 1326 ’lentam
615 1270 662 1327 tiit,
688 1290 726 1321 rso
751 1271 897 1334 βαβαμμινυυ.
931 1269 969 1330 qui
1000 1282 1057 1327 ergo
1082 1269 1152 1320 tincti

275 1342 300 1383 et
318 1338 433 1397 baptisati.
452 1344 542 1399 praeter
560 1335 721 1384 Christianos?
746 1335 866 1381 Suetonius
884 1335 965 1382 Claud.
985 1338 1022 1382 ab.
1053 1335 1151 1385 ladem
1241 1340 1242 1363 r

274 1397 393 1453 impulsore
409 1397 500 1444 caran
517 1396 606 1442 asndue
623 1397 786 1441 tumultuantes
802 1393 874 1440 Roma
890 1395 983 1451 expulit.
1015 1393 1079 1451 alpe
1114 1396 1157 1443 De.

275 1456 364 1502 nomiae
373 1456 511 1504 caretur.
522 1455 587 1502 Laet.
601 1454 631 1501 D.
644 1454 697 1500 lust.
711 1459 731 1506 1,
741 1458 763 1511 l,
773 1459 793 1500 7.
1241 1470 1242 1489 t

305 1534 453 1595 Repressapue
470 1535 497 1580 in
517 1531 627 1592 praemia]
668 1532 727 1578 Cum
748 1532 888 1588 pramepriset
907 1530 1020 1577 Claudius
1038 1530 1152 1580 discedere
1241 1506 1242 1517 ἵ

276 1608 350 1640 amnes
366 1593 484 1639 Judaeosa
495 1592 573 1639 Rama
584 1592 640 1638 leue.
657 1594 710 1638 Act.
724 1591 880 1653 Apostolorum
890 1589 979 1636 XVllI.
989 1595 1011 1637 2.
1023 1590 1154 1640 Christiani

276 1667 371 1712 quoque,
380 1667 473 1712 quorum
483 1651 571 1712 plurimi
582 1656 646 1695 erant
656 1650 745 1719 ludaei,
756 1650 830 1696 Roma
839 1648 1052 1718 diseedereiuerant
1061 1651 1150 1707 mactig
1241 1700 1242 1703 ,

275 1711 371 1778 ialeoqne
380 1711 474 1766 repressi
490 1711 517 1755 in
531 1710 755 1765 prumensrlrcuntur.
787 1709 824 1754 Ne
840 1715 916 1753 tauma
929 1711 1051 1762 existimes,
1062 1715 1086 1754 ut
1096 1710 1153 1772 lip-
1241 1716 1242 1733 ¹

276 1783 316 1820 sro,
333 1767 427 1828 aliisque
443 1768 536 1813 eraditis
550 1767 605 1812 viris
622 1767 715 1826 placuit,
735 1767 880 1820 Christianos,
896 1767 1032 1811 Judaeorum
1051 1769 1152 1827 nomine,

275 1828 394 1873 memorari
403 1827 463 1887 apud
476 1825 593 1873 arrianam
610 1826 634 1870 ia
651 1826 671 1871 Ε
687 1826 748 1872 ictet
763 1827 791 1872 ΙΙ.
803 1829 823 1872 9.
855 1824 901 1871 Hie
911 1825 969 1870 enirn
979 1824 1036 1870 sieut
1046 1835 1071 1872 at
1082 1842 1153 1888 supra

276 1887 295 1932 l.
306 1889 342 1932 22.
354 1886 403 1945 puri
411 1886 504 1954 patique
518 1884 600 1930 Judaei
616 1841 765 1944 appeilantur.
800 1884 884 1931 Eodem
900 1884 922 1930 in
936 1897 1014 1929 errore
1024 1894 1154 1945 versantur,

275 1945 351 2004 quiad
362 1944 509 1997 Christianos,
528 1944 642 1989 Christum
659 1958 686 1988 ue
706 1946 802 1989 referant
819 1942 888 1988 verba
906 1942 1007 1988 Suetonii
1027 1943 1049 1988 ia
1066 1944 1150 1992 Clautb

275 2004 351 2050 XXV.
382 2002 486 2059 lutras,
502 2003 621 2059 impulsore
638 1958 735 2056 Chresto,
750 2003 838 2049 assidue
856 2000 1018 2048 tumultuantes
1028 2001 1103 2049 Romi
1114 2019 1152 2051 ru·

273 2064 341 2119 pulit.
373 2064 426 2109 Non
442 2062 612 2132 ,lesuChriato³
632 2062 670 2131 seri
690 2061 778 2108 Judaeo
798 2062 893 2130 quatiam
912 2061 1009 2106 Chresto
1025 2064 1078 2115 (nee
1093 2064 1153 2111 enim

274 2119 1152 2241 tillitttt⁸lb¹¹¹⁰ttttttt¹tt,tilithillltittlttltttt

275 2238 351 2284 Jesum
368 2240 491 2295 Christum,
509 2238 652 2298 imperitante
668 2237 774 2292 Claudio,
794 2237 874 2282 vixisse
891 2243 916 2282 et
933 2237 1094 2284 tumultuatum
1105 2255 1153 2287 esse

276 2298 395 2357 scripserit.
428 2299 491 2345 Alius
504 2300 584 2352 adbuc,
604 2311 645 2342 aee
662 2295 725 2342 nobis
743 2296 847 2348 silendus,
863 2296 922 2355 apud
939 2295 1039 2341 errrrlitos
1056 2297 1153 2349 invaluit

274 2370 345 2409 error,
356 2357 414 2414 qrrod
425 2371 482 2415 quae
491 2357 520 2400 de
530 2355 621 2401 ludaeis
636 2360 712 2400 narrat
731 2354 773 2401 bio
788 2353 837 2399 Lx.
850 2369 899 2415 pag.
911 2357 961 2401 669,
972 2369 1021 2399 eam
1033 2354 1062 2400 D.
1076 2357 1151 2403 Lucae

275 2420 299 2459 et
318 2415 418 2459 Suetonii
437 2416 564 2459 narratione
598 2427 700 2470 erperam
719 2413 861 2458 contundunt.
903 2412 992 2458 Novem
1011 2413 1071 2458 enirn
1089 2416 1152 2473 anai,

275 2472 335 2517 iuter
351 2472 422 2540 uetita
439 2487 453 2517 a
470 2472 566 2518 Claudio
580 2429 717 2518 iudaeorum
737 2471 902 2529 conventicula,
918 2486 1039 2535 eorumque
1054 2474 1151 2534 expulsi·

276 2529 478 2586 onemmterjeeti.
509 2529 573 2575 Brot.

305 2606 438 2653 Eritiabilis
452 2608 586 2669 superstitio]
617 2609 678 2654 Proh
697 2607 841 2669 superstitio!
859 2609 930 2654 Teste
945 2608 1004 2654 enim
1014 2608 1066 2669 ipso
1076 2610 1151 2657 Plinio

276 2665 353 2720 xor,
375 2667 480 2712 baealuit
499 2682 591 2722 summa,
610 2669 646 2714 nel
664 2669 749 2724 eulpae,
774 2668 809 2713 uel
834 2669 924 2723 errata,
949 2668 1008 2726 quod
1024 2668 1150 2715 Christiani
1241 2680 1242 2699 ³

276 2729 345 2771 essent
353 2725 411 2769 soliti
423 2730 477 2771 stato
485 2727 521 2771 die
530 2731 581 2772 ante
598 2728 669 2773 lucem
686 2728 810 2781 convenire,
826 2740 956 2785 carmenque
971 2726 1069 2781 Christo,
1085 2728 1151 2787 quasi

276 2784 334 2833 Dm,
343 2784 416 2829 dicere
432 2799 505 2831 serum
522 2785 633 2831 invicem:
654 2800 717 2844 sequr
727 2789 860 2832 sacramento
877 2799 922 2830 nur
935 2785 962 2830 in
975 2787 1046 2831 scelus
1058 2785 1151 2844 aliquod

276 2843 419 2899 obstringere,
430 2845 468 2889 reri
484 2845 598 2899 nrsurtu,
617 2858 646 2890 ne
666 2844 790 2899 tetrennia,
809 2859 838 2890 ne
854 2844 966 2890 adulteria
983 2844 1150 2900 committerent,

276 2900 500 2958 nefidemfatlerent,
510 2918 539 2947 ne
547 2903 669 2958 remmam
679 2904 783 2959 appellati
791 2903 938 2960 abnegarent:
956 2903 1038 2961 quibus
1045 2903 1148 2959 peractis¹

276 2976 358 3007 nerem
369 2962 411 3006 sibi
422 2962 549 3008 discedendi
557 2962 633 3021 fuisse
649 2975 771 3021 meritaque
781 2962 876 3007 coeundi
884 2963 914 3006 ad
927 2962 1059 3017 rapiendum
1067 2962 1151 3015 eibum.

274 3023 428 3078 prorninuam
447 3026 520 3066 tamen
538 3026 559 3065 et
577 3020 711 3066 innonium:
738 3021 797 3077 pund
814 3021 889 3076 ipsum
899 3021 978 3076 farere
997 3021 1087 3066 deriism
1103 3026 1150 3076 pasl

278 3081 374 3126 edictum
384 3095 465 3131 meam,
482 3094 523 3138 qua
541 3080 663 3125 secundum
678 3081 783 3124 nunciata
799 3087 837 3126 tua
852 3079 959 3125 hetaerias
974 3093 1017 3125 asse
1026 3084 1148 3126 aduenam.

277 3142 307 3186 se
326 3145 471 3195 sacramento,
491 3153 535 3184 aon
554 3139 576 3182 in
596 3139 675 3194 scelus,
695 3138 773 3184 sedin
793 3138 898 3184 virtutem
916 3139 1063 3196 obstringere,
1085 3141 1149 3184 lraee·

277 3199 327 3245 cine
341 3198 461 3243 exitiabilis
485 3212 509 3242 sn
526 3196 636 3244 erstitioi'
666 3196 754 3243 Merito
776 3197 844 3255 igilur
865 3196 975 3256 gloriatur
993 3197 1150 3244 Tertullianus

276 3259 305 3303 ad
332 3258 457 3316 Srapulam,
485 3256 493 3300 l
520 3290 524 3299 .
566 3255 613 3300 Pro
636 3259 697 3301 tuum
720 3256 856 3308 innocentia,
881 3270 922 3312 pro
944 3259 1006 3301 lanta
1033 3257 1148 3312 probitate,

273 3332 315 3372 pro
325 3315 384 3373 fide,
394 3331 432 3371 prr
443 3315 540 3368 ueritate,
553 3329 593 3369 pro
602 3314 641 3358 deo
651 3315 700 3360 vivo
709 3329 834 3360 cremamur
839 3331 850 3369 ‚·
868 3315 927 3373 quod
935 3328 976 3360 nee
985 3314 1098 3371 sacrilegi,
1109 3329 1148 3361 nec

275 3375 342 3421 horter
356 3375 448 3431 publici,
465 3387 542 3419 verum
560 3387 599 3417 nec
617 3376 647 3417 lot
664 3373 782 3430 majestatis
796 3372 831 3417 rei
846 3374 893 3429 pali
908 3375 976 3419 rolant
977 3406 1077 3419 ......
1090 3373 1148 3419 Cru-

276 3435 354 3478 delitas
364 3439 434 3478 uestra
448 3433 522 3488 gloria
537 3436 567 3476 eat
582 3437 663 3477 nostru.
696 3431 759 3477 Brol.
792 3431 853 3478 Vide
867 3431 964 3478 Gibbani
982 3432 1072 3477 Decess.
1091 3432 1146 3490 imp.

276 3492 343 3537 Rom.
356 3506 401 3549 cap¹
415 3492 479 3537 xvi.
492 3490 529 3534 ubi
550 3491 612 3546 lrrrjas
633 3489 675 3535 loci
696 3490 818 3535 versionem
838 3495 862 3536 ei
878 3510 947 3566 χῃσι,
962 3489 1063 3536 invenire
1078 3489 1148 3548 lieet3

277 3566 300 3606 et
310 3561 391 3609 Palaei
401 3560 468 3606 avia.
479 3560 562 3606 Christ.
575 3561 664 3609 Partem
677 3561 705 3607 lt.
716 3575 765 3621 cap.
776 3559 829 3608 Vll.
