2509 4292
311 377 384 446 290
614 397 866 449 ursnoaraavar
1035 399 1162 451 evan

309 551 375 609 niae
403 568 544 624 egressus,
569 553 683 611 Gallias
709 559 740 610 et
759 552 906 614 exercitus
934 557 968 610 et
1003 553 1164 610 Germaniae

257 653 592 724 argentariorumque
617 654 722 710 bellum
734 652 835 708 cieret
877 650 1024 725 Digresso
1044 652 1166 718 Valente,

311 747 447 818 trepidos,
460 750 507 822 qui
528 747 694 806 Ariminum
709 751 857 814 terrebant,
878 749 1039 806 Cornelius
1059 750 1166 813 anam

310 846 428 902 admoto
441 846 579 914 exercitu,
593 854 622 902 et
639 846 732 903 missis
748 865 798 919 per
808 846 939 919 proxima
953 846 1071 904 litorum
1081 845 1168 904 Libur-

311 942 395 1011 nicis,
412 951 485 1000 terra
500 944 625 1017 marique
640 944 845 1001 circumvenit.
886 944 1080 1017 Occupantur
1092 945 1167 1016 pirna

310 1040 451 1097 Vmbriae
464 1047 492 1096 et
507 1058 562 1113 qua
577 1040 704 1097 Picenus
718 1059 787 1114 ager
804 1043 895 1098 Adria
918 1041 1060 1099 adluitur.
1073 1041 1166 1098 omnir

311 1155 365 1212 que
380 1138 475 1203 ltalia,
500 1137 575 1194 inter
596 1138 814 1211 Vespasianum
837 1156 871 1195 ao
886 1139 1058 1202 Vitellium,
1080 1142 1166 1210 Apen·

311 1234 374 1291 nini
383 1235 457 1308 iugis
468 1234 660 1292 dividebatur.
702 1236 813 1293 Fabius
823 1237 948 1304 Valens,
958 1255 976 1293 e
988 1237 1166 1300 sinuPisauo.

310 1331 433 1389 saevitia
449 1333 544 1394 maris.
567 1339 615 1389 aut
640 1334 815 1392 adversante
840 1340 941 1401 vento,
968 1336 1087 1391 Portum
1108 1334 1168 1390 Har·

311 1430 383 1486 culis
410 1429 549 1487 Monoeci
572 1431 735 1503 depellitur.
757 1433 833 1487 baud
855 1434 956 1505 procul
972 1433 1052 1490 *inde
1075 1432 1166 1504 agebat

312 1526 422 1584 illarius
452 1527 592 1595 Maturus,
621 1529 741 1601 Alpium
766 1530 976 1587 maritimarum
1003 1531 1169 1591 Procurator,

312 1625 384 1683 lidus
409 1626 544 1692 Vitellio,
579 1627 661 1684 euius
697 1633 918 1694 sacramentum,
952 1629 1070 1686 eunctis
1100 1626 1167 1683 cirea

313 1723 474 1788 hostilibus,
494 1726 620 1781 nondum
644 1731 774 1781 exuerat.
817 1726 846 1782 ls
873 1726 1037 1784 Valentem
1059 1724 1167 1781 comita

314 1827 479 1893 exceptum,
498 1820 671 1878 moabiam
684 1820 897 1879 Narbonensem
909 1829 1013 1881 teram
1029 1819 1167 1897 ingreden·

314 1921 533 1986 tununnensis
559 1920 680 1977 terruit:
711 1921 796 1978 simul
816 1927 982 1982 ceterorum
1011 1923 1080 1980 tides
1098 1922 1167 1975 melu

316 2018 446 2077 infracta.
472 2036 593 2092 namque
619 2017 823 2085 circumientis
842 2019 984 2078 civitates
1009 2020 1165 2078 Procurator

316 2118 452 2174 Valerius
468 2118 625 2183 Paullinus,
639 2123 771 2174 strenuus
792 2117 923 2183 militiae,
937 2127 970 2175 et
991 2115 1164 2190 Vespasiano

265 2216 383 2275 lllcnte
397 2217 540 2276 fortunam
553 2215 672 2282 amicus,
690 2215 720 2271 in
736 2217 823 2271 verba
837 2215 900 2272 eius
913 2217 1061 2290 adegerat.
1100 2211 1164 2269 Gon·

316 2314 439 2388 sitisque
452 2314 596 2381 omnibus,
608 2313 657 2387 qui
683 2313 863 2378 exauctorati
887 2331 904 2370 a
924 2314 1051 2372 Vitellio
1070 2311 1164 2368 bellurn

316 2419 419 2485 sponte
433 2414 593 2478 sumebant,
619 2410 850 2478 Foroiuliensem
871 2414 1029 2478 coloniam,
1055 2410 1163 2466 claustra

317 2510 414 2575 ruanis,
436 2510 580 2582 praesidio
600 2511 744 2565 tuebatur:
778 2526 815 2564 eo
842 2510 960 2581 gravior
983 2499 1164 2578 aurionno&

317 2607 453 2663 Paullino
467 2606 557 2679 patria
573 2607 680 2663 Forum
706 2605 824 2673 lulii‚et
850 2608 943 2663 bonos
966 2608 1041 2681 apud
1064 2605 1163 2668 Praeto-

318 2704 422 2769 rianos.
436 2722 555 2776 quorum
581 2706 727 2778 quondam
750 2704 897 2761 Tribunus
919 2705 1022 2763 suerat.
1062 2700 1163 2774 libitum

319 2800 433 2875 pagani,
455 2800 554 2857 favore
580 2801 751 2874 municipali
771 2807 802 2858 et
822 2802 933 2868 loturae
958 2801 1162 2877 potentiamve,

318 2900 418 2957 iuvare
433 2905 529 2973 partes
543 2899 755 2957 adnitebantur.
777 2918 850 2973 qune
864 2902 912 2958 uhi
928 2908 1027 2974 paratu
1040 2901 1121 2960 firma,
1138 2893 1164 2946 tl

319 3004 404 3057 aucta
419 3016 539 3065 rumore,
553 2999 627 3069 apud
644 2998 739 3054 varios
765 2998 990 3056 Vitellianorum
1010 2999 1114 3054 animos
1126 2989 1162 3044 iu·

320 3100 465 3164 crebuere,
480 3096 587 3153 Fabius
602 3096 715 3151 Valens
731 3113 796 3151 curn
811 3102 930 3169 quatuor
948 3089 1164 3171 speculatoribus

321 3202 352 3254 et
375 3197 462 3253 tribus
485 3193 596 3261 amicis,
621 3192 743 3249 totirlem
767 3193 1001 3262 centurionibus,
1027 3193 1061 3249 ad
1081 3199 1160 3246 naves
1214 3273 1215 3276 Ἴ

320 3294 492 3369 regreditur:
515 3292 639 3358 Maturo,
654 3290 816 3365 ceterisque
831 3310 987 3361 remanere,
1002 3296 1031 3349 et
1043 3290 1072 3346 in
1086 3283 1162 3342 verba

351 3445 488 3503 Remediur
497 3448 597 3490 matare:
613 3442 738 3504 currisque]
764 3444 840 3490 Priora
849 3445 912 3503 lego:
927 3445 1058 3502 regreditur.
1082 3438 1159 3504 Μαζῠπ

322 3505 444 3573 ceterisque.
476 3502 589 3573 Intellegit
597 3502 656 3547 enim
667 3502 765 3548 Marium
776 3503 1066 3573 naturamnaturaim
1077 3498 1160 3556 Alpwfflr

337 3576 367 3617 ar,
381 3563 475 3607 drsressu
491 3560 593 3606 Valentis
610 3560 672 3605 velat
688 3562 807 3614 exsolutus.
823 3568 909 3607 tranant
927 3576 950 3608 m
965 3563 1077 3608 alamno
1089 3557 1153 3615 partes
1213 3579 1214 3582 ¹

367 3620 449 3667 teriora
458 3623 520 3665 reete
528 3618 582 3667 olim
597 3621 621 3677 (e
637 3619 706 3677 aaa.)
724 3620 844 3670 Rhenanus
858 3621 993 3680 emendavitf
1001 3622 1035 3679 (ut
1045 3619 1061 3675 Ι,
1070 3617 1102 3662 59.
1112 3613 1155 3667 38¹·
