2509 4292
294 286 367 354 370
577 302 829 354 ursroaraavu
1023 306 1164 357 aum

291 462 425 519 ‘sublata
438 477 490 534 spa
508 459 626 528 veniae,
639 458 832 533 pertinaciam
850 457 1059 517 accenderent
1104 461 1165 518 Ad·

292 560 457 618 ‘liciendcs
495 560 590 633 potius
616 558 850 616 insacietatem.
902 557 1027 631 Legatis
1053 563 1164 616 tantum

292 659 460 734 ‘legionum
486 658 655 723 intersectis,
681 663 811 714 ceterum
839 658 954 729 vulgus,
980 657 1165 714 conscientia

293 760 453 815 ‘scelerum
486 765 517 813 st
543 774 598 828 spe¹
628 755 810 829 inpunitatis.
844 755 930 812 facile
958 744 1165 813 accessurum’

292 857 338 913 Ea
352 857 435 929 primi
447 854 563 912 consilii
587 854 687 911 torma.
708 853 845 927 missique
872 871 923 926 per
951 854 1072 910 Gallias
1099 872 1166 912 con·

290 955 395 1011 citores
411 953 488 1009 belli.
531 952 706 1009 Simulatum
733 951 805 1024 ipsis
832 950 1013 1025 obsequium,
1040 969 1101 1026 quo
1123 954 1163 1010 in·

290 1053 448 1110 cautiorem
463 1052 610 1109 Voculam
622 1051 830 1125 opprimerent.
870 1052 936 1108 Nec
958 1052 1092 1120 deluere,
1116 1053 1163 1127 qui
1236 1058 1237 1107 l

289 1151 422 1207 Voculae
439 1151 615 1207 nuntiarent.
659 1151 719 1207 Sed
740 1151 818 1207 vires
838 1151 875 1206 ad
894 1152 1096 1208 coercendum
1114 1153 1162 1208 de·

195 1324 202 1333 ¹
288 1255 379 1315 arant,
407 1248 636 1322 infrequentibus
662 1248 817 1323 infidisque
845 1248 1018 1321 legionibus.
1081 1250 1160 1323 luter

287 1346 436 1420 ambiguos
451 1346 559 1404 milites
572 1353 603 1403 et
616 1350 749 1404 occultos
764 1348 871 1413 bostes,
891 1346 1035 1419 optimum
1049 1365 1068 1403 e
1082 1365 1161 1421 prae·
1209 1327 1214 1334 ²

286 1444 418 1502 sentibus
432 1452 518 1513 ratus,
532 1450 631 1502 mutua
650 1445 895 1513 dissimulantium
913 1450 943 1501 et
962 1444 1080 1513 iisdem,
1101 1446 1160 1521 qui·

287 1546 341 1601 bus
354 1547 515 1618 petebatur,
535 1545 644 1602 artibus
657 1545 798 1620 grassari3
821 1545 851 1601 in
874 1543 1024 1601 coloniam
1054 1545 1161 1619 Agrip
1236 1618 1237 1621 Ἴ

287 1643 439 1716 pinensenr
459 1644 620 1700 descendit.
671 1644 746 1701 illuc
770 1642 910 1700 Claudius
937 1642 1051 1709 Labeo,
1072 1659 1158 1717 quem
1235 1640 1238 1767 q

287 1748 405 1815 captum
418 1748 448 1798 el
462 1749 548 1799 extra
561 1747 740 1799 conventum
760 1743 946 1798 amandatum
972 1740 1006 1797 in
1037 1741 1157 1810 Frisios,
1235 1770 1237 1849 q

286 1840 584 1913 diximus,couruptis
597 1839 766 1896 custodibus
789 1814 921 1912 perfugit
943 1838 1155 1914 pollicitusque,
1236 1858 1237 1869 ¹

287 1938 332 1994 ‘si
346 1937 519 2010 praesidium
533 1940 657 2004 daretur,
678 1937 783 1994 iterum
795 1936 827 1994 iu
854 1937 985 1994 Batavos
1010 1948 1043 1995 et
1064 1938 1156 2011 potio·

287 2044 367 2094 ‘rem
380 2036 510 2094 civitatis
534 2042 646 2110 partem
672 2037 709 2093 ad
728 2035 901 2093 societatem
926 2035 1090 2094 Romanam
1115 2054 1154 2093 re

285 2133 487 2204 ‘tracturum'
519 2140 642 2208 accepta
670 2134 798 2207 peditum
826 2134 1012 2207 equitumque
1040 2135 1156 2192 modica

285 2250 382 2299 manu,
396 2235 470 2290 nibil
491 2235 566 2306 apud
594 2234 724 2290 Batavos
750 2235 845 2298 ausus,
865 2233 1004 2305 quosdam
1031 2233 1155 2290 Nervio-
1236 2240 1237 2273 l

285 2348 347 2388 mm
361 2331 601 2404 Belssiorumque
615 2331 646 2386 iu
666 2346 746 2386 arma
769 2329 869 2387 traxit.
909 2329 949 2386 Et
972 2329 1073 2387 furtim
1098 2348 1157 2388 ma·

283 2429 339 2502 gis,
353 2447 439 2504 quarn
467 2431 553 2495 bello,
567 2428 778 2487 Canninefates
806 2427 1011 2501 Marsacosque
1027 2429 1156 2486 incursa·

283 2529 342 2583 bal.
384 2529 510 2595 Vocula,
534 2527 685 2584 Gallorum
698 2527 796 2583 lraude
818 2526 953 2592 inlectus,
977 2528 1014 2583 ad
1038 2529 1153 2586 bostem

128 2695 130 2699 .
230 2625 444 2696 flcoutendit
507 2627 573 2682 Nec
616 2627 718 2699 procul
752 2623 909 2681 Veteribus
943 2624 1053 2695 aberat,
1087 2643 1156 2684 oum

281 2720 429 2780 Classicus
456 2738 492 2778 ac
524 2723 628 2788 Tutor,
650 2740 701 2795 per
727 2723 857 2794 speciem
877 2724 1053 2794 explorandi
1072 2742 1155 2798 prae·

280 2818 380 2896 gressi,
393 2835 460 2876 cum
476 2819 607 2876 Ducibus
635 2821 847 2877 Germanorum
870 2826 960 2893 pacta
985 2821 1154 2881 firmavere.

282 2921 418 2993 'sumque
432 2919 553 2992 primum
567 2919 688 2976 discreti
707 2937 725 2976 a
738 2919 901 2992 legionibus
928 2920 1048 2992 proprio
1073 2924 1157 2980 vallo

281 3026 377 3077 castra
403 3035 455 3074 sua
482 3018 673 3085 circumdant,
705 3019 872 3074 obtestante
899 3017 1028 3085 Vocula,
1059 3019 1157 3079 ‘Non

282 3120 376 3179 ‘adeo
389 3118 531 3176 turbatam
557 3114 695 3173 civilibus
719 3116 806 3172 armis
831 3133 891 3172 rem
918 3115 1096 3199 Romanam,
1122 3123 1157 3176 ut

281 3216 442 3274 ‘Treveris
457 3215 546 3275 etiam
572 3213 810 3289 Lingonibusque
831 3213 982 3286 despectui
1004 3214 1054 3271 sit.
1098 3218 1152 3274 Su·

280 3320 288 3347 ‘
298 3331 414 3388 peresse
441 3313 512 3370 fidas
536 3311 711 3383 provincias,
735 3311 863 3368 victores
881 3311 1044 3379 exercitus,
1064 3313 1153 3371 tortu·

278 3417 366 3469 ‘nam
382 3409 511 3483 Imperii,
524 3415 555 3466 et
581 3411 687 3466 ultores
702 3409 792 3465 Deos.
834 3408 886 3466 Sic
912 3409 984 3465 olim
1012 3411 1152 3468 Sacrovi-

276 3510 358 3564 ‘rum
372 3513 403 3564 et
417 3508 546 3576 Aeduos,
573 3522 666 3582 nuper
691 3506 853 3568 Vindicem
881 3505 1065 3583 Galliasque,
1092 3509 1150 3566 sin·
