2509 4292
248 296 322 364 232
557 310 808 363 arsaoamavsr
974 321 1001 366 a.
1014 314 1048 363 v.
1062 315 1118 364 sm

249 471 345 529 bernis
373 470 479 536 relicti,
503 469 646 527 festinatis
668 482 719 542 per
744 468 861 526 Gnidiae
886 469 1061 536 detractibus,
1082 472 1119 526 ut

249 571 461 627 remanentium
482 568 628 643 legionum
649 568 766 625 aomina
785 571 994 640 supplerentur.
1034 568 1118 624 Gara

251 667 330 741 ripae
343 668 511 725 Hordeonio
533 669 643 725 Flacco
665 667 817 741 permissa:
837 667 928 738 ipsae
943 666 1118 722 Britannico

250 764 367 824 deiectu
388 773 456 823 octo
477 766 568 823 mittia
587 766 644 822 sibi
663 766 804 823 adiunxit.
817 770 858 831 et,
885 772 1038 836 paucorum
1051 763 1120 820 die-

252 883 313 923 rum
326 866 382 922 iter
395 880 557 938 progressus
571 872 579 897 ⁶
591 882 740 937 prmapcras
760 866 834 936 apud
861 864 1034 920 Bedriacum
1057 878 1118 928 res,

252 970 305 1021 ‘ac
321 969 410 1021 morte
429 964 553 1021 Othonis
567 965 733 1022 con-cidisse
747 963 873 1028 bettum‚'
886 962 1010 1035 accepia
1050 964 1117 1020 Vo-

251 1069 316 1121 cata
330 1063 482 1129 concione,
507 1063 644 1121 virtutem
672 1064 795 1121 miiitum
820 1065 953 1122 laudibus
975 1064 1115 1120 camuiat.

251 1163 421 1219 Postutantc
435 1162 577 1230 exercitu,
599 1169 651 1218 ‘nt
673 1162 807 1220 libertum
827 1180 918 1230 snum,
941 1161 1118 1228 Asiaticum,

250 1262 402 1335 ‘Equestri
415 1261 558 1336 dignitate
570 1261 710 1328 donaret‚’
723 1263 905 1320 inhonestam
919 1261 1117 1319 adulationem

250 1360 420 1433 compescit.
472 1360 562 1427 Dein,
584 1360 746 1418 mobititate
772 1361 893 1435 ingenii,
915 1360 990 1435 quod
1016 1361 1117 1433 patant

250 1462 399 1524 abnuerat,
427 1459 504 1516 inter
530 1465 644 1517 secreta
665 1459 801 1517 convivii
825 1461 962 1534 largitum
992 1458 1118 1517 honora·

250 1558 351 1634 vitque
369 1558 533 1616 Asiaticum
548 1558 652 1627 anulis,
671 1558 786 1616 foedum
806 1558 981 1631 mancipium
1005 1564 1035 1615 ct
1055 1572 1118 1615 ma·

199 1672 238 1734 5ss
251 1658 286 1715 lia
313 1658 422 1716 artibus
441 1658 633 1716 ambitiosum.
675 1660 782 1716 lisdem
804 1659 914 1724 dicbus,
935 1657 1117 1715 ‘accessisse

250 1758 396 1831 ‘partibus
418 1765 567 1833 utramque
588 1759 810 1825 Mauretaniam,
830 1757 984 1816 interfecto
1008 1758 1121 1814 Procu->

251 1864 363 1915 ‘ratore
394 1856 522 1924 Athino‚’
543 1858 637 1917 nuntii
661 1866 778 1915 uenere.
828 1857 955 1915 Luceius
979 1857 1117 1923 Albinus,

252 1959 402 2014 aNerone
425 1958 624 2016 Mauretaniae
644 1956 829 2015 Caesariensi
862 1955 1054 2029 praepositus,
1066 1955 1117 2012 ad·

250 2058 311 2114 dita
337 2076 387 2130 per
401 2058 526 2141 Galbam
551 2057 730 2131 Tingitanae
752 2056 921 2129 provinciae
935 2055 1145 2112 admistam.

252 2160 340 2223 tinne,
355 2158 430 2214 baud
455 2157 623 2229 spernendis
647 2155 754 2212 viribus
776 2156 888 2229 agebat.
916 2155 1053 2212 xva-111.
1068 2166 1119 2210 co·

249 2259 356 2324 hortea,
377 2239 502 2337 quinque
516 2258 587 2323 aiae,
612 2255 714 2328 ingens
731 2252 895 2312 biauromm
919 2268 1052 2312 numerus
1067 2254 1120 2312 ad·

250 2364 322 2424 erat,
337 2376 387 2429 per
402 2357 554 2415 iatrocinia
564 2363 592 2412 et
603 2364 698 2428 raptus
713 2360 779 2427 apta
789 2357 866 2411 batto
877 2362 987 2412 manus.
1019 2356 1118 2415 Caeso

251 2457 356 2524 Galba,
379 2455 410 2513 in
436 2458 582 2515 Othonem
605 2470 719 2529 pronus,
742 2444 797 2512 nec
825 2455 926 2512 Africa
949 2460 1116 2523 contentus,

250 2555 421 2626 Hispaniae,
466 2562 588 2628 angusto
628 2555 701 2611 freto
734 2553 903 2626 diremptae,
945 2553 1115 2612 inminebat.

250 2654 323 2710 inde
338 2653 447 2710 bruvio
475 2654 550 2709 Ruso
571 2662 683 2710 metus:
703 2659 728 2710 et
748 2651 880 2710 (lammam
902 2651 1034 2728 laga'onern
1048 2671 1118 2728 pro-

245 2749 382 2829 pinquare
402 2749 488 2817 litori,
515 2759 551 2809 ‘ut
575 2753 800 2819 transmissurus
828 2752 929 2810 iussit:
964 2753 1117 2822 praemissi

251 2852 451 2919 Centuriones,
472 2853 519 2925 qui
544 2853 708 2910 Maurorum
731 2852 842 2908 animos
866 2851 988 2908 Vitertto
1013 2846 1117 2909 conci·

218 2945 222 2961 ¹
249 2952 362 3017 liarent,
384 2970 476 3026 neque
501 2953 618 3008 arduum
651 2952 713 3019 snit,
738 2970 844 3026 magna
876 2970 927 3024 per
949 2950 1118 3024 provincias

163 3042 177 3114 f
250 3052 420 3112 Germanici
454 3051 599 3107 exercitus
633 3052 719 3135 tama.
777 3050 971 3133 spargebatur
990 3051 1119 3122 insuper,

248 3159 339 3230 spreto
352 3151 549 3209 Procuratoris
563 3146 702 3218 anschario,
724 3148 858 3206 Albinum
881 3148 993 3224 imignr
1015 3144 1120 3224 Regia,

139 3295 141 3299 -
195 3261 236 3318 59
249 3259 279 3310 et
294 3255 383 3311 lubae
407 3267 503 3307 nornen
522 3266 668 3325 rmurpnre.
711 3250 758 3306 lta
780 3248 895 3307 mutatis
920 3247 1035 3316 animis,
1053 3248 1120 3306 Asi-

248 3354 313 3409 nius
341 3352 445 3417 Poilio,
473 3353 536 3406 aiae
566 3349 742 3414 Praefectus,
770 3366 787 3405 s
813 3348 960 3406 fidissimis
997 3348 1121 3416 Albino,

247 3459 277 3507 et
311 3451 416 3506 Festus
443 3467 478 3506 ac
507 3448 618 3519 Scipio,
646 3450 808 3506 cohortium
837 3444 991 3512 Praefecti,
1022 3446 1121 3520 oppri-

246 3552 370 3605 muntur·
417 3549 484 3619 lpse
514 3546 647 3614 Albinus,
674 3552 742 3608 dnm
769 3566 787 3604 c
815 3545 981 3621 Tingitana
1002 3548 1129 3622 provin-
