2509 4292
103 409 235 500 noro,
335 387 809 500 ⁸nrn.11.cur>.89.—ll2.
907 391 981 458 253

103 541 262 636 pudendos
275 563 448 621 incesserat.
486 565 601 638 Vulgus
621 570 871 632 tamen,·raeuum
894 564 980 630 curia,

103 667 138 717 et
159 662 226 718 sine
249 662 315 719 salsi
341 662 460 737 verique
481 664 651 720 discrimine
678 663 779 719 solitas
800 664 981 718 adulationes

106 761 256 826 edoctum,
281 764 408 817 clamore
430 767 461 817 et
485 763 606 818 vocibus
626 763 833 834 adstrepebat:
855 763 983 816 abnuen-

109 858 191 931 tique
224 875 331 915 nomen
361 857 494 933 Augusti,
526 857 705 932 expressere,
738 865 769 916 ot
802 861 981 915 adsumeret:

64 939 67 946 ¹
108 963 171 1015 tarn
196 955 419 1031 frustraneum
444 939 639 1015 recusaverat.
695 959 784 1032 Apud
818 956 1029 1025 civitatem,9l

108 1062 220 1113 concta
234 1058 486 1129 interpretantem,
500 1058 606 1115 funesti
622 1039 729 1115 ominis
744 1061 812 1114 loc‘o
826 1063 981 1128 acceptum

106 1161 164 1221 est,
178 1156 265 1229 quod,
289 1156 448 1212 maximnm
463 1155 667 1213 Pontificatum
693 1158 824 1229 adeptos,
838 1156 980 1212 Vitellius

108 1237 148 1311 de
162 1253 363 1312 caeremoniis
377 1254 500 1327 publicis
515 1256 682 1329 quindecim
698 1256 764 1312 Kal.
782 1258 856 1327 Aug.
873 1254 981 1310 edixis-

108 1359 168 1419 set,
182 1354 342 1428 antiquitus
366 1355 493 1410 inlausto
515 1345 573 1410 die
586 1354 769 1410 Cremerensi
797 1354 980 1426 Alliensique

110 1453 253 1509 cladibus.
275 1455 349 1509 adeo
362 1449 456 1508 omnis
477 1453 596 1509 humani
618 1452 769 1522 divinique
783 1453 854 1508 ioris
865 1470 982 1524 expers,

109 1552 174 1624 pari
206 1551 374 1607 libertorum
402 1545 616 1624 amicorumque
637 1551 778 1618 socordis,
804 1554 885 1607 velut
905 1552 982 1608 inter

110 1653 290 1706 temulentos
317 1652 429 1723 agebat.
487 1651 546 1706 Sed
580 1649 700 1705 comitia
728 1649 888 1706 Consulum
904 1668 981 1720 ,cum

110 1747 278 1805 candidatis
301 1748 431 1805 civiliter
458 1750 620 1815 celebrans,
641 1765 757 1807 omnem
781 1749 898 1806 infimae
923 1752 981 1823 ple·

16 1888 17 1891 ,
111 1847 156 1902 bis
183 1859 334 1910 rumorem,
355 1847 385 1902 ln
410 1847 524 1903 theatro
550 1854 579 1903 ut
604 1855 759 1920 spectator,
783 1848 813 1904 in
840 1848 921 1904 circo
950 1854 981 1904 ot

110 1945 214 2006 lactor,
243 1946 412 2001 adfectavit.
446 1963 529 2019 qnae,
562 1955 644 2019 grata
670 1961 740 2002 sane
768 1953 797 2003 et
823 1947 981 2018 popularia,

16 2104 17 2109 ἵ
95 2044 170 2099 ·sia
193 2035 348 2099 virtutibus
369 2044 627 2116 proficiscerentur,
642 2044 779 2101 memoria
806 2044 886 2099 vitae
910 2044 981 2115 prio

112 2144 161 2206 ris,
183 2125 318 2200 indecora
334 2151 363 2199 et
389 2144 460 2200 vilia
483 2143 709 2214 accipiebantur.
752 2142 927 2198 ventitabat
951 2142 981 2200 in

113 2244 275 2310 Senatum
296 2233 466 2299 etiamnum
490 2240 587 2313 parvis
601 2243 639 2296 de
662 2240 745 2296 relius
767 2240 867 2297 Patres
881 2255 982 2298 eonsu-

111 2342 250 2397 lerentur.
280 2343 340 2397 'Ac
364 2341 437 2399 torte
459 2340 575 2397 Priscus
601 2339 766 2406 Helvidius,
792 2341 911 2397 Praetor
934 2341 981 2398 de

111 2440 251 2511 signatus,
279 2447 379 2495 eontra
401 2439 527 2495 studium
553 2439 616 2495 eius
643 2445 805 2495 censuerat.
847 2440 982 2497 Commo·

17 2594 18 2628 ,
112 2529 159 2593 tos
187 2529 280 2609 primo
309 2538 463 2602 Vitettins,·
486 2555 544 2594 non
572 2546 670 2594 tamen
699 2541 782 2606 ultra,
803 2556 887 2613 quam
916 2537 982 2596 Tri·

112 2633 301 2710 tercentenis
313 2634 344 2691 in
365 2633 502 2692 neritum
515 2642 622 2711 spretae
646 2637 793 2713 potestatis
813 2639 981 2696 advocavit.

114 2731 198 2799 Mox,
223 2727 421 2807 mitigantibus
449 2734 561 2801 amicis,
582 2735 631 2807 qni
651 2737 782 2794 altiorem
804 2738 981 2796 iracundiam

113 2834 176 2889 eins
193 2836 377 2896 verebantur,
397 2830 470 2888 nitu
488 2830 551 2888 nori
571 2832 713 2900 occidisse,
740 2836 986 2914 responditque!

114 2929 167 2987 olm
191 2931 337 2987 Senatores
359 2928 391 2986 in
417 2929 569 3006 Ηφαὸίἰοα
595 2931 791 2990 dissentirent:
820 2936 933 2991 solitam
953 2953 983 2992 se
1030 2959 1051 2967 -

112 3011 368 3086 enamrtraseae
394 3027 586 3086 contradicere.
640 3032 765 3087 inrisere
792 3027 920 3105 plerique
941 3033 983 3089 in-

20 3163 21 3168 1
113 3121 283 3202 pollentiam
311 3129 532 3185 aemulationis:
561 3129 632 3204 aliis
660 3129 690 3184 id
717 3129 811 3201 ipsum
840 3132 983 3202 placebat,

20 3239 21 3268 t
115 3228 191 3301 qnod
222 3227 369 3283 neminem
390 3244 429 3283 ex
463 3227 710 3299 praepotentibus,
731 3229 782 3282 sed
809 3228 983 3294 Thraseam,

114 3326 150 3382 ad
177 3328 331 3396 exemplar
356 3317 442 3381 verae
464 3325 573 3399 gloriae
598 3325 724 3397 legisset.
775 3324 982 3397 Praeposuerat
995 3328 1036 3386 92

20 3399 21 3468 3
113 3424 312 3481 Praetorianis
341 3422 373 3479 P.
403 3422 555 3489 Sabinum,
582 3440 600 3478 e
627 3423 813 3478 Praetentura
838 3426 983 3497 cohortis3

21 3565 22 3582 ,
115 3523 220 3580 lotium
247 3522 387 3588 Priscum,
408 3527 469 3578 turn
490 3522 716 3579 Centurionem:
733 3522 853 3579 ⁴Priscus
875 3523 985 3590 Valen-

21 3697 22 3700 ,
112 3619 158 3686 lis,
184 3622 311 3678 Sabinus
335 3617 484 3679 anoinae
508 3620 602 3695 gratia
626 3622 784 3693 pollebant.
826 3617 987 3681 internis-

154 3736 221 3777 von.
245 3737 280 3775 rr.
535 3721 539 3729 '
559 3721 597 3775 22
611 3716 630 3751 ⁴*
