2509 4292
116 345 152 393 A.
169 344 198 391 c.
213 348 250 393 rr.
393 345 464 393 ure.
490 346 538 395 rr.
588 347 668 395 cue.
694 330 754 394 42.
914 293 991 395 ι359

117 496 300 555 eiuratione
325 497 444 558 cnutus
460 500 627 564 Montanus,
647 519 685 557 eo
708 519 797 575 usque
820 519 993 576 progressus,

116 599 166 662 ut,
178 604 188 627 ⁶
201 604 265 669 post
278 599 400 655 caedem
414 599 538 666 Galbae,
559 601 657 656 datam
672 599 851 657 interfectori
877 600 992 656 Pisonis

119 694 300 766 ‘pecuniam
327 713 344 753 a
371 697 494 771 Regulo,
517 699 734 772 adpetitumque
759 715 852 755 monn
878 697 991 753 Pisonis

120 792 250 864 ‘capon’
262 794 433 853 oblectaret.
476 797 560 854 ‘Hoc
579 795 679 861 cerle,’
701 796 805 871 inquit,
819 798 919 853 ‘Nero
933 814 991 863 uon

117 891 249 967 ‘coegib
274 909 330 950 uec
356 894 539 967 dignitatem,
561 902 609 953 aut
636 898 769 958 salutem,
791 895 842 952 illa
865 894 991 950 saevitia

117 990 298 1048 ‘redemisti
338 993 419 1051 Saue
434 996 587 1051 toleremus
603 996 721 1051 istorum
735 993 928 1059 detensiones,
941 991 990 1066 qui
1092 1006 1096 1013 ’

117 1089 262 1160 ‘perdere
275 1089 358 1158 alius,
371 1109 457 1165 quam
476 1092 634 1179 periclitari
649 1093 715 1165 ipsi,
728 1096 898 1151 maluerunt.
941 1091 990 1148 Te

118 1188 274 1245 ‘securum
295 1190 447 1263 reliquerat
462 1193 545 1247 exsul
569 1198 660 1263 pater,
672 1198 703 1248 et
723 1191 818 1277 diviso
840 1192 916 1248 iuter
929 1208 990 1247 cre·

119 1286 252 1344 ‘dilores
267 1289 352 1353 bona,
374 1291 501 1346 nondum
521 1290 661 1371 bonorum
683 1307 777 1362 capax
798 1295 894 1346 aetas:
917 1289 989 1346 nibil

118 1398 132 1424 ‘
142 1388 219 1462 quod
233 1404 272 1444 ex
286 1393 316 1443 te
329 1388 550 1459 concupisceret
566 1389 655 1449 Nero,
677 1388 748 1445 nibil
774 1390 849 1462 quod
864 1389 989 1445 timeret.

118 1486 265 1544 ‘libidine
290 1486 439 1560 sanguinis
466 1493 496 1542 et
525 1487 603 1543 binlu
640 1487 831 1558 praemiorum
858 1487 988 1560 ignotum

116 1587 234 1643 ‘adbuc
248 1586 407 1657 ingenium,
435 1592 464 1643 et
480 1585 566 1644 nullis
590 1586 807 1642 defensionibus
827 1591 986 1656 expertum,
1022 1568 1026 1573 ’

114 1686 231 1742 ‘caede
256 1685 347 1741 nobili
370 1684 500 1741 inbuisti.
521 1702 587 1742 cum
607 1702 648 1740 ex
671 1684 770 1741 locere
786 1682 986 1754 Reipublicae,

112 1784 228 1854 ‘ruptis
250 1782 456 1840 consularibus
480 1784 591 1855 spoliis,
617 1782 782 1856 septuagies
795 1781 930 1837 sestertio
943 1798 986 1838 su·

116 1887 127 1916 ⁶
138 1883 265 1956 ginatus,
285 1888 315 1937 et
342 1883 506 1938 sacerdotio
525 1882 647 1956 fulgens,
661 1883 798 1940 innoxios
820 1899 930 1953 pueros,
944 1881 987 1940 iu·

115 1983 242 2037 ‘lustres
255 1998 349 2041 senes,
363 1981 536 2051 conspicuas
549 1982 672 2038 seminas
692 1983 795 2039 eadem
808 1981 891 2037 ruina
912 1997 988 2053 pros·

116 2084 301 2135 ‘temeresr
342 2095 408 2134 cum
441 2080 596 2152 segnitiem
635 2080 761 2133 Neronis
819 2075 988 2142 incusares,’

114 2179 212 2251 ‘quod
239 2177 430 2249 persingulas
452 2179 553 2235 domos
567 2193 655 2249 seque
679 2184 709 2231 et
723 2176 866 2237 delatores
888 2173 988 2246 latiga-

115 2281 199 2331 ‘retz
221 2292 305 2344 posse
326 2276 492 2332 uuiversum
509 2277 649 2332 Senatum
665 2292 722 2331 una
750 2289 824 2328 voce
845 2272 985 2328 subverti.

114 2374 288 2438 ‘Retinete,
304 2374 405 2430 Patres
428 2373 596 2446 conscripti,
616 2381 646 2430 el
668 2379 814 2429 reservate
839 2366 987 2428 bominem

114 2477 201 2529 ‘tum
214 2472 347 2543 esprediti
359 2473 485 2538 consilli,
510 2482 539 2530 ut
563 2474 658 2529 omnis
680 2479 760 2529 aetus
785 2471 925 2528 instructu
939 2471 986 2537 sit,

115 2578 168 2627 ‘el
183 2573 331 2644 'quomodo
350 2589 435 2628 renes
461 2572 551 2628 nostri
574 2572 756 2637 Marcellum,
781 2571 924 2644 (lrlspum,
945 2569 986 2627 iu·
1082 2579 1089 2591 ’

116 2675 230 2726 ‘venes
255 2671 406 2744 Regulum,
429 2670 587 2727 imitentur.
631 2671 750 2727 invenit
775 2671 865 2729 eliam
889 2687 985 2727 aemu-

115 2771 178 2826 ‘los
192 2768 296 2825 infelix
321 2769 458 2842 nequitia.
478 2769 546 2842 quid
571 2770 595 2824 si
620 2769 720 2827 floreat
745 2767 926 2845 vigentque?
946 2770 986 2827 Et

112 2874 224 2940 ‘quern
248 2869 343 2924 arlbuc
369 2868 571 2940 Quaestorium
589 2869 736 2925 offendere
756 2887 813 2926 nou
835 2872 984 2936 nudemus,

114 2966 315 3023 ‘Praetorium
329 2973 358 3022 et
379 2968 569 3024 Consularem
596 2967 684 3022 visuri
709 2965 827 3024 sumus?
849 2970 898 3024 An
926 2969 984 3025 Ne·

112 3068 234 3122 ‘runem
257 3072 418 3121 extremum
431 3065 612 3122 dominorum
636 3061 766 3136 putatis?
787 3065 868 3120 ldem
892 3065 983 3123 credi·

112 3165 248 3230 ‘deranb
267 3165 315 3236 nni
341 3164 474 3226 Tiberio,
487 3161 535 3237 qui
557 3165 641 3228 Gaio,
664 3163 832 3234 superstites
854 3162 982 3220 luerunt:

112 3268 201 3321 ‘cum
225 3263 342 3319 iuterim
369 3263 563 3320 intestabilior
585 3270 616 3320 et
643 3262 760 3319 saevior
782 3277 900 3319 exortus
927 3269 981 3320 est.

143 3414 224 3467 Raptis
234 3414 398 3462 conmoritur
406 3415 490 3478 mltis]
521 3418 667 3468 Quaestorius
683 3421 770 3463 tantum
781 3420 829 3462 erat
840 3417 946 3475 Regulus,
956 3422 982 3464 ut

112 3487 163 3519 mor
173 3474 268 3519 dicitur:
287 3488 341 3526 erno
351 3476 446 3520 noudum
463 3489 517 3521 acce
532 3483 581 3521 erut
595 3478 740 3529 consulatum,
758 3477 878 3536 praemium
894 3490 983 3522 accusa·

112 3531 187 3585 bonis,
202 3540 227 3578 ot
244 3533 294 3577 vult
314 3532 407 3593 Lipsius.
439 3490 570 3580 corruitur
591 3536 648 3582 baec
664 3535 737 3597 spolia
754 3535 855 3595 intellige
869 3538 898 3583 de
912 3536 983 3597 raptis

115 3588 215 3650 Orphitl,
225 3593 347 3641 moruleris
356 3592 406 3651 riri,
420 3592 503 3654 spoliis.
534 3593 597 3641 Brut.
