2509 4292
216 362 266 431 42
541 376 727 426 annaurvnr
943 369 1019 420 arv.
1035 373 1097 420 ara-

218 534 294 594 haud
309 532 467 601 ecolesma,
482 549 583 590 verum
604 531 769 603 ‘utriusque
781 525 926 585 turbidum
940 525 1097 600 ingenium
1199 548 1201 555 s

217 633 311 701 ‘eata
324 640 355 690 et
368 632 425 690 sibi
448 631 681 689 incolumitatem
701 628 786 700 Reip.
802 643 990 700 magnacum
1003 627 1098 681 habe·
1153 678 1156 681 Α

217 729 281 790 ‘ri'
324 733 471 807 Deeratne
492 747 529 789 eo
544 728 662 787 nomine
676 725 901 804 supplicationes,
913 702 995 800 atqie
1008 722 1097 781 Sallu

202 837 243 903 ‚et
257 828 380 889 Plautus
393 830 496 887 Senatu
509 834 692 895 manamaur,
711 826 893 902 grauioribus
907 831 1005 882 tamen
1020 822 1098 880 ludi-

217 930 298 995 briis,
312 947 397 1004 quum
413 929 507 989 malis.

145 1027 207 1101 ,co
258 1030 351 1105 igitur
370 1035 496 1101 accepto
515 1025 635 1085 Patruus
648 1026 793 1091 aomnlta
807 1029 960 1098 postquam
982 1026 1097 1080 cuncta

216 1131 360 1186 scelerum
373 1144 488 1184 suornm
508 1143 560 1199 pro
579 1124 707 1199 egregiis
720 1123 818 1196 accipi
842 1123 934 1188 videt.
953 1122 1095 1179 exturbat

219 1227 386 1292 Octaviam,
409 1222 533 1282 sanum
547 1223 699 1282 dictitans.
739 1222 819 1283 Exin
844 1223 1000 1296 Poppaeae
1021 1236 1095 1278 con·

175 1394 183 1403 ι
211 1326 354 1399 jungitur.
396 1325 440 1382 Ea
461 1324 511 1380 diu
537 1325 646 1395 pellex,
660 1327 691 1379 et
712 1322 837 1395 adulteri
861 1323 999 1387 Neronis,
1020 1337 1095 1379 mox

219 1425 316 1482 mariti
331 1428 444 1497 potens,
455 1425 601 1498 quendam
614 1440 653 1479 ex
663 1421 804 1479 ministris
818 1421 964 1478 Octaviae
975 1421 1095 1493 inpulit,
1126 1478 1129 1483 ,

219 1521 346 1580 numilem
355 1520 380 1578 ei
389 1539 510 1581 umorem
523 1522 663 1580 obiicere.
677 1521 895 1594 destinaturque
907 1538 971 1577 rens
986 1537 1095 1593 cogno·

219 1628 320 1685 mento
333 1619 467 1692 Encems,
493 1621 611 1679 natione
621 1614 857 1683 ‘Alexandriana
879 1637 987 1677 canere
1011 1602 1094 1676 tibiis

222 1721 333 1777 doctus.
377 1721 473 1776 Actae
487 1721 525 1777 ob
545 1719 577 1776 id
600 1720 638 1775 de
663 1718 781 1781 ancillis
804 1718 998 1794 quaestiones,
1012 1723 1044 1774 et
1063 1717 1099 1775 vi

222 1823 430 1877 tormentorum
455 1818 546 1875 victis
572 1818 754 1891 quibusdam,
774 1798 898 1875 nt'tslsa
921 1819 1114 1884 adnuerant,‘

222 1921 320 1994 plures
348 1918 500 1992 perstitere
527 1918 717 1976 sanctitatem
750 1918 887 1975 dominae
920 1917 1004 1977 tueri.
1046 1917 1120 1974 Ex*

222 2018 325 2092 quibus
339 2035 396 2077 una
410 2017 535 2078 instanti
553 2016 717 2090 Tigellino,
737 2015 931 2074 continuasse
944 2014 1097 2091 nntlnbrin

222 2115 355 2175 Octauiae
381 2117 539 2190 respondit,
561 2133 647 2193 quum
667 2133 698 2173 cs
721 2114 789 2173 cius.
832 2115 970 2173 Moretur
992 2118 1111 2174 tamen

222 2217 327 2291 primi),
348 2206 448 2274 'civilis
472 2215 589 2274 discidii
615 2217 734 2288 specie:
755 2214 928 2289 domumque
952 2215 1049 2282 Burri,
1064 2220 1096 2273 et

224 2317 345 2389 praedia
354 2316 462 2383 Plauti,
473 2316 598 2373 inlausta
606 2315 693 2380 dona,
707 2314 825 2387 accipit.
841 2332 909 2373 mox
922 2314 954 2371 in
970 2313 1096 2386 campa·

225 2414 306 2471 niam
340 2416 422 2485 pulsa
455 2419 509 2480 est,
537 2414 638 2471 addita
671 2413 790 2471 militari
822 2413 964 2471 custodia.
1020 2414 1114 2470 inde·
1164 2402 1166 2405 ¹

223 2511 318 2570 crebri
329 2517 455 2585 questus,
467 2529 523 2569 nec
534 2513 644 2571 occulti
656 2531 706 2585 per
716 2515 852 2587 vulgum
873 2512 922 2569 cni
942 2510 1038 2571 minor
1051 2530 1096 2570 aa·
1109 2544 1113 2551 ·

226 2608 348 2684 pientia
362 2615 402 2676 et,
413 2628 451 2667 ex
463 2610 667 2669 mediocritate
681 2612 824 2679 fortunae,
832 2612 971 2685 pauciora
985 2613 1099 2684 pericu·

173 2695 175 2698 ’
227 2712 255 2767 la
269 2713 344 2767 sunt.
387 2707 441 2765 Hie
457 2709 547 2775 Nero,
560 2711 780 2785 haudquaquam
792 2712 975 2783 poenitentia
983 2711 1099 2785 tagini,

154 2856 158 2859 Α
175 2813 212 2871 il
227 2808 382 2882 coniugem
394 2808 546 2865 revocavit
561 2810 727 2871 Octaviam.
769 2810 848 2867 Exin
863 2810 934 2869 laeti
955 2811 1098 2893 Capitoli·

226 2926 275 2965 um
290 2908 442 2972 scandunt,
457 2908 735 2991 Deosque-tandem
751 2914 935 2966 venerantur.
976 2909 1098 2983 Effigies
1163 2906 1166 2911 “
1249 2900 1250 2967 l

229 3010 384 3082 Poppaeae
409 3011 562 3081 proruunt:
594 3007 740 3065 Octaviae
755 3008 897 3080 imagines
917 3014 1033 3082 gestant
1047 3009 1099 3067 lru·

228 3109 324 3175 rueris,
337 3110 476 3181 spargunt
491 3105 741 3181 fioribus‚l0rnque
755 3124 791 3164 ac
806 3107 922 3180 templis
945 3112 1097 3164 statuunt:

185 3238 187 3249 ‹
228 3207 381 3280 repetitam
406 3211 591 3263 venerantur.
634 3207 746 3287 lturel
769 3205 800 3261 in
816 3206 962 3279 Principis
978 3206 1100 3263 *laudea

138 3345 143 3353 ·
228 3307 347 3380 lamque
362 3310 392 3362 et
416 3304 554 3377 palatium
579 3305 764 3362 multitudine
778 3310 808 3360 et
830 3305 1007 3361 clamoribus
1020 3321 1114 3362 com-1

228 3406 356 3478 plebant,
370 3420 438 3460 aum
451 3403 549 3469 emissi
564 3403 688 3461 militurn
696 3403 776 3477 globi
784 3404 991 3460 uerberibuset
1002 3402 1113 3463 iuteo·-

229 3508 261 3560 to
271 3502 345 3558 terro
355 3502 465 3557 turbam
479 3502 632 3559 disiecere.
674 3502 855 3576 Mutataque,
869 3518 942 3575 quae
957 3520 1009 3573 per
1022 3503 1099 3560 sadi·

227 3601 338 3660 tionem
353 3603 509 3668 verterant,
532 3605 564 3658 at
584 3601 740 3676 Poppaeae
765 3601 858 3659 honos
885 3600 1030 3674 repositus
1049 3605 1096 3661 est
