2509 4292
96 381 224 430 ecca
336 381 407 427 ars.
434 381 492 428 xv.
541 360 816 430 canan-51.
922 364 966 433 81

96 541 158 593 tum
187 533 340 591 retinens:
359 551 397 590 eo
426 533 554 606 pluribus
582 534 721 605 periculis
741 535 968 597 mantuanam.

96 635 216 691 Natalis
239 633 386 707 particeps
399 634 438 690 sd
456 650 543 690 omne
562 640 709 691 secretum
720 634 905 695 Pbonierat.
925 653 971 695 cs·

97 732 169 790 teris
195 749 263 803 spes
278 750 317 788 ex
332 731 418 788 novis
439 735 523 789 rebus
538 736 696 804 petebatur.
739 734 883 792 Adscltae
897 743 971 806 sunt,

98 848 188 903 super
208 831 343 888 Subrium
366 836 397 887 et
423 831 595 902 Sulpicium,
615 833 654 889 de
677 833 780 906 qulbus
804 835 899 899 retuli,
921 835 973 892 ml·

97 929 201 987 litares
225 947 335 996 manua,
356 928 484 986 Granius
513 924 651 987 Silvanus
678 938 708 987 et
729 933 841 989 Statius
869 933 972 990 Proxi-

98 1045 173 1093 mus,
205 1027 332 1084 Tribuni
370 1028 533 1084 cohortium
567 1029 782 1100 praetoriarum,
822 1031 971 1089 Maximus

97 1127 224 1184 Scaurus
239 1132 269 1183 et
287 1127 419 1183 Venetus
435 1127 563 1191 Paullus,
575 1128 776 1187 centuriones.
822 1131 882 1187 Sed
896 1148 971 1188 sum·

97 1242 176 1282 mum
211 1227 297 1281 robur
326 1224 356 1281 in
392 1225 488 1282 Fenio
518 1226 594 1283 Rufo
626 1227 780 1285 Praefecto
808 1229 970 1296 videbatur,

96 1341 192 1398 quern,
222 1323 285 1379 vita
312 1321 444 1396 famaque
466 1324 623 1392 laudatum,
648 1343 699 1398 per
719 1326 970 1401 sacvitlaminpu·

98 1422 290 1494 dicitiamque
312 1421 479 1495 Tigellinus
500 1423 646 1480 inanimo
664 1424 811 1497 Priuclpis
830 1425 976 1493 anteibat,

13 1555 15 1574 r
97 1520 296 1594 fatigabatque
330 1520 591 1588 criminationibus,
612 1538 648 1578 ac
676 1540 763 1596 saepe
796 1523 827 1581 ln
862 1532 969 1583 metum

13 1609 15 1688 ff
98 1621 273 1683 adduxerat,
297 1620 379 1693 quasi
398 1617 555 1676 annm
582 1619 757 1696 Agrippinae
785 1628 812 1677 et
837 1620 971 1680 desiderio

97 1716 159 1776 eius
185 1715 290 1774 ultioni
312 1717 454 1775 intentam.
497 1720 599 1793 lgitur,
626 1720 677 1776 ubi
699 1720 867 1786 coniuratio,
891 1738 971 1794 pras·

98 1817 208 1874 lectum
232 1835 345 1890 quoque
367 1817 508 1874 Praetorii
536 1818 567 1875 iu
593 1825 688 1890 parter
701 1819 896 1886 descendisse,
909 1836 972 1877 cre·

98 1917 150 1973 bro
177 1915 271 1986 ipsius
291 1933 425 1972 sermone
445 1917 523 1973 lacta
550 1917 639 1986 bdesr
661 1919 821 1990 promptius
846 1918 906 1973 iam
932 1918 971 1974 de

99 2018 232 2084 tempore
246 2030 282 2072 cc
294 2017 360 2071 loco
373 2015 473 2071 caedis
488 2015 646 2088 agitabant.
688 2016 728 2072 Et
748 2014 881 2085 ‘cenius
891 2013 973 2084 inpe-

100 2110 192 2169 ‘tum'
213 2113 332 2169 Subrius
347 2113 469 2170 Flavius
483 2114 636 2179 ferebatur,
652 2112 699 2169 ‘in
714 2128 803 2169 scena
816 2115 973 2168 canentem

98 2211 271 2268 ‘Neronem
298 2211 504 2284 adgrediendi3
525 2217 574 2269 aut
593 2227 661 2267 cuns
682 2211 802 2267 ardente
822 2209 909 2264 domo
923 2224 974 2281 ner

98 2316 238 2367 ‘noctem
253 2310 310 2366 truc
321 2310 391 2364 illuc
405 2317 532 2365 cursaret
546 2305 760 2365 incustoditus)
781 2307 840 2363 ch
856 2304 975 2363 occasio

98 2406 284 2475 solitudinis,
305 2407 347 2463 ibi
374 2407 437 2477 ipsa
458 2407 630 2479 frequentia,
653 2406 727 2462 tanti
745 2403 861 2462 decoris
881 2404 974 2481 testis,

97 2504 341 2582 pulcherrimum*
354 2505 485 2561 animum
511 2505 791 2561 exstimulaverant:
813 2502 869 2561 nisi
893 2503 975 2577 lnpo-

97 2605 202 2663 nitatis
227 2604 334 2675 cupido
358 2603 535 2670 retinuisset,
553 2603 666 2676 magnis
685 2620 799 2676 semper
819 2603 973 2663 conatibus

97 2706 236 2763 adversa.
258 2702 381 2759 interim
392 2701 600 2758 cunctantibus
612 2703 877 2776 prolatantibusque
888 2718 972 2777 spem
982 2698 1021 2756 51

97 2821 133 2861 ac
163 2807 284 2869 metum,
315 2802 471 2874 Epicharis
492 2803 643 2875 quaedam,
672 2801 814 2859 incertum
846 2819 972 2876 quonam

97 2903 187 2960 modo
201 2900 354 2958 sciscitata
378 2898 487 2977 (neque
506 2899 551 2957 illi
571 2907 639 2957 autc
653 2902 712 2957 ulla
726 2917 818 2959 rerum
840 2901 972 2958 honesta·

97 3020 161 3059 rum
185 3017 256 3056 cara
283 2996 389 3076 luerat)
409 3001 570 3057 accendere
595 3006 624 3055 et
649 3017 768 3073 arguere
788 3000 971 3056 coniuratos:

99 3117 135 3158 ac
150 3107 300 3173 postremo
313 3098 497 3155 lentitudinis
519 3116 617 3155 eorum
636 3107 777 3170 pertaesa,
791 3102 821 3154 et
842 3096 872 3153 in
887 3097 973 3152 Gam-

98 3198 190 3274 pania
203 3215 305 3271 agens,
326 3197 465 3269 primores
478 3197 690 3254 classiariorum
707 3195 920 3253 Misenensium
934 3197 973 3251 la-

97 3298 246 3362 befacere,
260 3301 291 3352 et
305 3295 489 3352 conscientia
510 3296 631 3370 inligare
651 3295 781 3351 connixa
794 3298 838 3349 est
853 3293 905 3348 tall
921 3290 974 3347 ini-

101 3397 152 3455 tio.
195 3397 268 3452 Erat
296 3394 482 3453 chiliarchus
496 3395 526 3451 in
541 3412 576 3450 ea
597 3396 692 3450 classe
707 3391 845 3446 Volusius
870 3391 975 3447 Procu-

102 3498 156 3560 lus,
176 3493 360 3551 occidendae
383 3494 482 3549 matris
510 3491 633 3549 Neronis
654 3491 730 3547 inter
744 3489 900 3556 ministros,
915 3506 973 3546 non

103 3611 142 3653 ex
166 3591 370 3668 magnitudine
401 3591 520 3650 sceleris
555 3595 720 3666 provectus,
750 3596 781 3648 ut
804 3588 973 3650 sabulonis
