2509 4292
280 366 355 435 sla
433 380 436 387 ·
587 380 836 434 nrsrorrmmr
999 389 1030 437 s.
1045 388 1076 438 v.
1090 376 1146 439 'aas

277 539 408 613 equitum
421 537 602 596 intertecsre.
618 541 785 597 vulneratur
802 538 869 597 Rex
893 536 1075 613 Epiphanes,
1101 544 1150 602 in·

226 638 361 712 zdpigrs
375 652 428 711 pro
440 637 556 696 Othone
579 650 703 710 pugnam
723 635 816 694 cleas.
858 635 938 696 'l'um
961 638 1150 699 Othonianus

278 738 369 811 mdes
381 735 483 813 erupit.
504 734 622 808 protrita
644 734 770 792 hostium
790 735 867 803 acle,
888 738 965 793 versi
987 737 1018 795 in
1037 736 1147 813 lugam,

278 836 370 894 mhm
392 835 441 909 qui
465 833 777 891 subterminatum
807 833 939 892 tiaeciua
968 853 1026 892 uon
1053 839 1146 896 simul

278 936 421 998 mones,
440 934 492 989 sed
511 931 639 1005 singulas
653 932 819 990 acciverat:
839 949 912 1006 quae
925 932 1014 992 resin
1029 935 1148 1006 proelio

278 1031 500 1103 trepidationem
532 1029 624 1097 auxit,
658 1045 725 1088 cnm
759 1029 912 1103 dispersos,
933 1048 988 1089 uec
1023 1049 1148 1107 usquam

171 1122 174 1127 ⁴
278 1129 402 1192 vander,
429 1142 521 1200 pavor
545 1126 719 1201 lugientlum
745 1129 897 1201 abriperet.
952 1129 1025 1187 Orta
1054 1136 1088 1187 et
1115 1131 1149 1189 iu

277 1227 379 1285 aaut·
392 1226 510 1289 reditio,
530 1227 605 1300 quod
620 1244 681 1283 non
706 1225 836 1283 universi
858 1228 1039 1284 ducerentur.
1063 1228 1149 1287 vinc·

276 1329 322 1383 tus
344 1324 512 1382 Praefectus
535 1330 705 1392 castrorum,
730 1325 820 1383 lulius
844 1325 962 1390 Gratus,
980 1328 1147 1400 ‘tamqnam

277 1422 384 1490 ‘ii-atri,
398 1423 474 1495 apud
489 1423 636 1480 Othonem
651 1423 797 1490 militanti,
813 1418 1004 1496 proditionem
1017 1431 1122 1498 ageret
1131 1425 1150 1482 ι’

277 1536 343 1582 surm
370 1521 486 1589 lrstrem
513 1520 584 1590 elus,
611 1521 718 1578 lulium
745 1521 935 1586 Frontonem,
968 1521 1148 1590 Tribunum,

202 1650 208 1661 ·
278 1619 506 1679 Othonianisub
519 1622 622 1676 eodem
643 1619 765 1677 crimine
790 1619 963 1676 vinxissent.
1003 1618 1147 1678 ceterum

277 1719 432 1793 munique
455 1719 578 1775 formido
597 1718 651 1775 luit
675 1719 750 1790 apud
772 1713 926 1790 lugientes,
949 1725 1151 1787 occursantes,

277 1815 309 1874 ia
323 1815 398 1881 acie,
412 1832 463 1888 pro
478 1818 567 1879 vello,
580 1822 612 1872 ut
633 1815 744 1873 ‘deleri
761 1832 828 1873 oum
850 1815 988 1872 universo
1011 1817 1149 1875 exercitu
1230 1894 1231 1897 Ἴ

279 1914 457 1987 ‘Caecinam
472 1915 607 1986 potuisse,
626 1915 657 1971 ui
679 1913 835 1971 Suetonius
850 1913 1000 1970 Paullinus
1011 1907 1151 1988 receptui

280 2012 479 2081 ‘cecinisset’
492 2013 618 2086 utrisque
631 2012 662 2068 in
676 2012 806 2085 partibus
827 2011 1029 2085 percrebuerit.
1074 2011 1152 2070 ‘'l'i·

281 2113 406 2170 ‘muisse
425 2110 475 2181 se,’
495 2111 644 2169 Paullinus
663 2111 782 2175 l'orebat,
810 2114 942 2167 ‘lautum
962 2109 1083 2182 iusuper
1108 2111 1149 2167 la·
1229 2120 1230 2125 ’

279 2211 378 2267 ‘burm
392 2227 427 2267 ac
441 2210 564 2277 itineris,
587 2226 625 2266 ne
639 2207 817 2265 Vitellianus
831 2206 926 2273 miles,
936 2224 1038 2265 recens
1052 2226 1071 2264 e
1084 2224 1147 2265 cns·

198 2333 200 2337 ’
279 2308 361 2371 ‘tris,
374 2308 463 2364 lessus
487 2308 700 2382 adgrederetur,
722 2311 753 2363 et
775 2304 915 2378 perculsis
939 2307 1049 2362 nullum
1070 2312 1152 2363 retro·

279 2406 456 2462 ‘subsidium
470 2404 562 2462 lorat'
581 2406 658 2477 apud
672 2421 778 2477 paucus
791 2421 827 2461 ea
850 2403 944 2463 Ducis'
957 2404 1033 2463 ratio
1045 2406 1147 2478 proba·

279 2507 319 2567 tn,
332 2504 364 2559 in
379 2506 482 2576 vulgus
496 2504 621 2560 adverso
634 2520 745 2560 rumore
758 2502 819 2560 luit.

191 2610 194 2615 ⁴
225 2609 268 2672 27
321 2601 405 2656 Hand
419 2599 541 2674 perinde
565 2601 595 2657 id
622 2603 760 2658 domuum
783 2598 964 2658 Vitellianos
990 2599 1021 2657 lu
1036 2606 1148 2658 metum

279 2697 429 2768 compulit,
455 2715 541 2771 quam
567 2699 604 2755 ad
630 2678 803 2756 modestiom
815 2698 993 2772 composuit:
1014 2715 1070 2754 nec
1096 2713 1144 2753 su

277 2798 339 2854 lum
361 2796 436 2866 apud
460 2795 629 2862 Caecinam,
657 2797 706 2869 qui
719 2800 835 2870 culpam
860 2795 892 2853 t'rr
911 2794 1024 2852 militm
1046 2793 1132 2850 conia

233 2951 239 2961 ,
279 2895 370 2957 rebat,
393 2891 520 2950 seditioni
546 2891 749 2970 rungiacum
771 2891 877 2970 proelio
904 2899 1058 2970 paraturus
1085 2891 1146 2949 lia·
1227 2926 1228 2931 κ

279 2993 322 3053 bii
335 3010 446 3068 quoque
461 2992 596 3049 Valentis
619 2993 722 3064 copiae
736 2989 808 3069 (ism
828 2992 907 3050 euim
932 2992 1073 3049 Ticinum
1095 3006 1144 3046 ve·
1227 3040 1228 3069 ¹

280 3093 377 3168 nerat)
407 3091 500 3164 posito
526 3092 651 3148 hostium
684 3096 863 3164 contemptu,
896 3095 926 3147 et
954 3086 1145 3163 recuperandi

279 3192 393 3250 decoris
406 3190 552 3263 cupidine,
566 3187 747 3246 reverentius
771 3197 801 3245 et
824 3187 973 3262 aequalius
993 3186 1074 3245 Duci
1097 3201 1148 3259 pa·

310 3345 361 3391 Res
367 3343 501 3402 Epiphanes]
532 3342 604 3389 Filius
614 3340 728 3398 Antiochi,
737 3341 806 3400 Regia
812 3340 964 3400 Commageni,
975 3339 1038 3387 euius
1048 3340 1071 3386 in
1081 3337 1145 3385 rebus
1226 3336 1227 3387 l

279 3400 847 3520 iniitinduitintuit&illl
860 3397 1145 3517 illillulilltt

280 3528 322 3564 est.
354 3519 389 3565 De
402 3519 449 3564 eius
464 3491 606 3578 parentisque
620 3518 672 3564 latis
686 3532 708 3562 r.
727 3518 831 3578 losephus
841 3493 867 3564 ii.
879 3519 896 3563 l.
908 3522 930 3572 ⁷,
939 3522 970 3563 7:
992 3516 1044 3563 Rex
1053 3517 1143 3561 rotatur

279 3583 358 3620 vetere
367 3590 435 3627 more,
446 3590 490 3635 quo
499 3577 568 3622 etiarn
579 3577 666 3634 Regum
676 3576 723 3631 filii,
738 3583 762 3622 et
771 3576 895 3636 quicunque
904 3575 992 3634 Regiae
1001 3574 1078 3636 stirpis
1086 3574 1146 3627 ω,

280 3631 354 3691 Reges
364 3640 477 3692 vocantur,
492 3639 518 3680 ut
526 3649 563 3695 ap.
575 3634 674 3683 Graecos
682 3636 787 3697 βιαιως,
818 3634 878 3682 Era.
