2509 4292
276 276 351 346 218
573 292 826 347 nrsuourrnvur
1002 295 1031 343 s.
1047 294 1136 344 unu
1208 366 1209 369 Ἴ

276 450 325 519 rle,
350 466 426 525 quae
447 447 615 507 firmitatem
641 447 738 522 pontis
759 445 956 507 continerent.
1007 447 1069 507 Sed
1095 465 1141 507 aa·

276 567 409 611 comtum
429 548 512 607 tunes
534 564 591 607 oon
612 546 727 607 extenti
740 546 902 612 fluitabant,
926 550 967 612 ut,
989 562 1141 621 augescen-

277 655 308 709 te
340 647 469 716 humine,
501 648 658 707 inoffensus
690 647 762 705 ordo
796 646 917 705 nuvium
949 647 1140 705 adtolleretur.

278 748 445 807 claudebat
458 748 576 820 pontem
590 744 717 818 inposita
731 745 815 805 turris
834 751 865 802 et
876 744 908 803 in
922 750 1085 805 extremam
1098 762 1144 803 ne·

278 864 349 905 rem
371 848 493 903 educta:
527 845 604 905 uude
633 844 784 913 tormentis
811 861 846 902 ac
877 844 1022 905 machinis
1051 845 1144 905 hostes

225 934 267 995 35
279 947 520 1021 propulsarentur.
579 943 744 1001 Othoniani
770 943 801 1000 in
828 943 890 1017 ripa
918 943 1021 1001 turrim
1040 948 1144 1001 struxe-

278 1050 354 1105 rant.
375 1059 505 1117 saraque
527 1047 559 1099 et
578 1041 658 1099 laces
673 1043 880 1115 iaculabantur.
921 1043 962 1100 Et
985 1047 1051 1099 erat
1071 1043 1142 1100 iusu-

280 1148 310 1205 ls
329 1160 415 1201 amne
440 1141 545 1207 medio,
567 1140 598 1198 in
616 1158 713 1216 uquam
738 1141 913 1215 gladiatores
940 1141 1067 1199 navibus
1089 1156 1142 1198 mo·

278 1244 399 1307 lientes,
423 1238 565 1297 Germani
590 1239 689 1295 nendo
713 1241 962 1311 praelahebautur.
1004 1241 1054 1298 Ae
1076 1239 1142 1295 torte

278 1342 373 1416 plures
386 1343 587 1412 transgressos,
600 1338 755 1411 completio
769 1339 946 1406 Liburnicis,
967 1357 1019 1412 per
1040 1355 1143 1413 promp-

277 1439 406 1499 uiuimus
432 1437 625 1511 gladiatorum
655 1437 758 1497 Macer
783 1437 957 1513 adgreditur.
1014 1439 1075 1496 Sed
1100 1453 1144 1497 uc·

278 1555 334 1614 que
369 1554 407 1595 ea
439 1535 606 1594 constantia
624 1536 832 1610 gladiatoribus
864 1538 900 1593 ed
927 1536 1050 1618 proelia,
1075 1551 1143 1610 quse

280 1635 439 1705 militibus3
470 1651 526 1692 nec
553 1634 674 1708 perinde
702 1639 837 1693 nutantes
861 1652 878 1691 e
902 1634 1038 1703 navibus,
1051 1636 1144 1710 (quam

193 1794 196 1809 ,
280 1733 377 1793 stabili
402 1735 491 1808 gradu
512 1751 530 1790 e
555 1732 628 1805 ripa,
653 1734 774 1791 vulnera
797 1733 972 1808 dirigebant.
1015 1736 1064 1802 Et,
1083 1748 1144 1793 cum

282 1832 371 1893 variis
398 1832 602 1906 trepidantium
630 1831 882 1899 inclinationibus,
906 1832 993 1889 mixti
1028 1833 1143 1907 remiges
1184 1855 1191 1877 .

282 1937 564 2008 propugnatoresque
593 1932 783 1998 turbarentur,
809 1929 926 1989 desilire
950 1930 980 1987 iu
1010 1932 1085 1988 vada
1106 1931 1142 1986 ul·

283 2038 328 2091 tro
361 2030 512 2096 Germani,
548 2033 693 2086 retentare
734 2046 853 2102 puppes,
893 2030 1036 2086 scandere
1066 2029 1142 2094 toros,

282 2138 331 2191 eut
351 2130 484 2189 cominus
505 2145 652 2202 mergere:
677 2145 750 2202 quae
763 2134 879 2194 cuncta,
891 2128 921 2185 in
945 2128 1142 2187 oculisutrius‘·

282 2245 338 2303 que
368 2230 525 2292 exercitus,
557 2231 666 2301 quanto
700 2226 820 2283 laetiora
852 2225 1035 2296 Vitellianis,
1066 2230 1141 2285 tanto

282 2326 377 2384 acrius
393 2324 553 2383 Othoniani
566 2341 698 2383 caussam
709 2330 911 2400 auctoremque
924 2327 1019 2383 cladis
1028 2328 1143 2383 detesta-

230 2426 396 2497 3phautur.
436 2424 477 2483 Et
498 2424 638 2497 proelium
662 2422 787 2498 quidem,
808 2425 935 2498 abruptio
954 2443 1028 2500 quae
1051 2439 1141 2498 super·

283 2530 366 2587 eraut
381 2523 513 2593 neribus,
539 2522 606 2594 tuga
617 2524 809 2594 diremptum:
839 2523 941 2583 Macer
966 2527 1003 2583 ad
1027 2523 1139 2583 exitium

282 2622 463 2694 poscebatur.
507 2621 1141 2695 lamqueuulneratumeminualanceastric·
1210 2604 1211 2665 l

283 2717 321 2776 tis
341 2718 446 2790 gladiis
470 2718 652 2786 invaserant,
679 2737 746 2779 eum
772 2722 934 2783 intercursu
954 2723 1140 2781 Tribocorum
1210 2752 1211 2783 t

284 2816 550 2893 Centurionumque
564 2819 730 2894 protegitur.
772 2823 838 2886 Neu
857 2825 949 2883 multo
961 2825 1020 2895 post
1033 2814 1141 2899 Vestri·
1210 2804 1211 2809 ¹

284 2916 348 2985 pius
363 2916 518 2989 Spurinna,
538 2916 616 2974 iussu
630 2918 767 2987 Othonia,
784 2921 888 2978 relicto
902 2917 1066 2978 Placentiae
1086 2931 1140 2973 nro

285 3017 354 3077 dico
374 3016 526 3089 praesidio,
546 3033 612 3075 cum
623 3018 790 3075 cohortibus
803 3019 948 3079 subvenit.
988 3018 1065 3075 Dein
1081 3016 1141 3072 Fle-

170 3130 172 3133 ·
285 3115 368 3175 vium
388 3114 538 3181 Sabinum,
562 3115 721 3175 Consulens
747 3117 936 3190 designatum,
956 3117 1034 3174 Otho
1058 3118 1141 3172 recto

286 3233 347 3272 rem
370 3215 462 3286 copiis
487 3202 573 3279 misit,
601 3214 704 3287 quihus
733 3215 834 3272 Macer
859 3216 1044 3288 praetueret;
1069 3214 1141 3269 laeto

283 3314 380 3370 >milite
392 3314 429 3369 ad
444 3313 633 3370 mutationem
649 3315 773 3381 Ducum,
786 3321 817 3370 et
831 3313 962 3371 Ducibus
981 3315 1018 3370 ob
1035 3312 1141 3369 crebras

238 3422 242 3428 ·
285 3412 444 3468 seditiones
477 3415 537 3467 tum
563 3412 698 3470 intestam
726 3412 859 3470 militium
899 3408 1140 3486 adspernantibus

232 3491 274 3552 37
287 3508 413 3566 Invenio
432 3510 509 3580 apud
528 3512 666 3583 quosdam
681 3519 824 3575 auctores,
846 3517 973 3586 ‘pauore
993 3509 1084 3575 belli·
1096 3519 1141 3562 seu
