2509 4292
115 230 133 277 Ι

122 361 260 410 aaa.
362 361 530 409 mxv».
581 339 831 409 orniam.
919 324 1001 407 ἰιι

127 514 243 571 tutiora
251 518 283 570 et
291 516 435 588 quandam
448 513 495 572 sui
508 515 719 588 negligentiam
731 514 932 585 praeferentia,
945 519 1019 591 tan·s

130 618 164 669 to
190 612 315 686 gratius,
341 614 372 670 in
400 606 529 685 speciem
549 612 759 685 simplicitatis,
778 611 1007 683 accipiebantur.

134 713 298 769 Proconsul
321 719 420 769 tamen
444 712 614 785 Bithyniae,
628 719 658 768 el
673 729 741 768 mox
768 713 889 777 Consul,
912 710 1010 785 uigen-

135 815 198 866 tem
223 828 256 866 sa
270 827 306 866 ac
327 827 425 881 parem
447 810 573 884 negotiis
597 811 743 867 ostendit:
764 809 834 865 dein
864 811 1010 866 revolutus

136 910 174 964 ad
207 909 289 974 vitia,
309 927 360 965 sen
381 908 519 966 vitiorum
548 908 723 975 imitatione,
746 908 824 964 inter
844 925 953 982 paucos
971 907 1011 964 fa·

135 1006 296 1064 miliarium
312 1009 424 1064 Neroni
444 1008 612 1077 adsumptus
632 1012 686 1073 est,
704 1006 871 1076 elegantiae
886 1005 1010 1073 arbiter3

133 1105 206 1160 dum
221 1106 293 1161 nihil
317 1096 471 1162 amoenum
492 1111 523 1160 et
549 1106 637 1160 molle
660 1103 817 1160 adfluentia
839 1110 931 1175 putat,
952 1102 1009 1160 nisi

133 1204 213 1277 qnod
228 1203 258 1257 ei
272 1203 426 1260 Petronius
440 1203 672 1275 adprobavisset.
713 1201 932 1257 Vndeinvidia
954 1202 1009 1258 Ti·

132 1300 250 1373 gellini,
263 1301 343 1373 quasi
354 1303 493 1357 adversus
507 1303 652 1356 aemulum
676 1305 706 1355 et
728 1298 852 1355 scientia
876 1301 1006 1371 volupta-

135 1404 200 1453 tum
234 1399 385 1469 potiorem.
428 1400 505 1471 Ergo
537 1397 742 1453 crudelitatem
776 1396 931 1467 Principis,
957 1397 1006 1453 oui

135 1499 257 1550 ceterae
292 1496 429 1552 libidines
455 1497 610 1560 cedebant,
645 1495 820 1566 adgreditur,
846 1493 1006 1551 amicitiam

110 1593 263 1649 ⁴Scaurini
291 1593 430 1650 Petronio
454 1593 617 1657 obiectans,
640 1599 784 1665 conrupta
807 1594 842 1649 ad
863 1593 1006 1650 indicium
1026 1590 1038 1609 “

131 1708 232 1756 servo,
244 1692 435 1765 ademptaque
448 1691 630 1758 defensione,
644 1697 674 1748 et
695 1692 804 1747 maiore
824 1697 904 1763 parts
925 1691 1007 1749 fami·

125 1792 196 1846 'liae
210 1789 243 1845 in
257 1789 355 1847 vincia
376 1795 467 1862 rapta.
509 1791 598 1846 Forte
619 1789 678 1846 iliis
697 1789 799 1847 diebus
813 1790 1005 1862 Campaniam
1021 1778 1058 1847 iu

132 1887 283 1959 petiverat
304 1878 422 1954 Caesar,
442 1893 472 1943 et
492 1889 601 1945 Cumas
623 1904 712 1961 usqne
726 1904 891 1960 progressus
907 1887 1005 1943 Petro·

133 1984 286 2040 nius'illic
305 1986 497 2042 adtinebalnr.
553 1987 619 2042 Nec
641 1987 706 2042 tulit
728 1965 802 2041 ultra
823 1984 935 2040 timoris
956 1990 1007 2040 ant

133 2083 199 2153 spei
213 2100 316 2139 moras.
338 2101 433 2157 neque
448 2091 543 2139 lamen
560 2100 701 2155 praeceps
716 2083 807 2138 vitam
822 2082 1006 2152 expulit,sed

130 2180 243 2236 incisas
267 2198 368 2246 venas,
396 2187 427 2237 ut
452 2181 574 2247 libitum,
593 2181 748 2253 obligatas,
768 2180 881 2251 aperire
896 2195 1005 2236 rursum

132 2283 164 2334 et
185 2279 303 2352 adloqui
322 2279 441 2349 amicos,
461 2296 518 2336 non
540 2297 591 2351 per
620 2277 705 2343 seria,
737 2284 787 2334 ant
816 2275 918 2350 quibus
938 2294 1006 2333 con·

131 2379 261 2434 stantiae
288 2380 411 2452 gloriam
439 2383 561 2451 peteret.
605 2378 812 2451 Audiebalque
839 2376 1005 2443 referentes,

131 2476 210 2533 nihil
231 2477 269 2532 de
289 2475 496 2534 inmortalitate
517 2477 633 2533 animae
646 2481 677 2532 et
690 2475 865 2548 sapientium
880 2474 1005 2547 placitis,

130 2575 187 2630 scd
204 2573 284 2630 lesia
297 2576 426 2631 carmina
441 2579 472 2630 et
492 2575 593 2630 faciles
608 2568 718 2631 uersus.
754 2576 911 2632 Servorum
930 2576 1005 2632 aiios

130 2670 298 2745 largitione,
311 2674 458 2745 quosdam
481 2672 649 2728 verberibus
669 2672 788 2730 adfecit.
809 2673 876 2729 iniit
894 2676 1003 2746 epulas,

129 2786 238 2826 manno
251 2768 381 2838 indulsit,
410 2774 451 2836 ut,
470 2787 644 2844 quamquam
670 2779 773 2829 coacta
800 2788 888 2834 mors,
908 2771 1003 2829 fortui-

129 2874 181 2925 tae
194 2867 299 2924 similia
313 2874 400 2924 esset.
441 2869 489 2924 Ne
509 2868 656 2925 codicillis
676 2866 792 2943 quidem
813 2867 902 2945 (quod
918 2869 1003 2942 pieri·

130 2984 189 3040 que
204 2963 401 3042 pereuntium)
420 2967 569 3023 Neronem
583 2972 633 3023 ant
648 2966 840 3041 Tigellinum,
854 2973 904 3024 aul
917 2982 1003 3040 quem

130 3065 222 3121 aliurn
237 3065 409 3136 potentium,
423 3065 557 3122 adulatus
574 3070 638 3122 est:
658 3066 710 3121 sed
725 3065 835 3140 flagitia
848 3064 1002 3136 Principis,

129 3164 185 3219 snb
198 3163 364 3219 nominibus
378 3164 559 3219 exoletorum
574 3161 802 3236 feminarumque
816 3164 856 3226 el,
869 3161 1002 3218 novitate

127 3261 266 3335 cuiusque
286 3259 391 3332 stupri,
418 3261 613 3333 praescripsit,
641 3266 728 3334 atque
749 3258 903 3331 obsignata
923 3258 1001 3316 misit

129 3359 248 3419 Neroni.
268 3359 414 3434 fregitque
434 3361 583 3426 annulum,
615 3375 652 3414 ne
683 3373 753 3413 mox
782 3354 847 3412 usui
867 3361 943 3411 esset
963 3359 1001 3414 ad

125 3532 339 3602 sortiamur]
372 3531 430 3579 unat
446 3528 536 3590 lauri,
554 3529 633 3588 massi,
649 3529 679 3577 de
693 3528 759 3577 rebus
774 3529 888 3577 amatoriis
902 3535 926 3575 at
941 3520 1010 3580 sinai¹

126 3590 182 3643 lrlnr
