2509 4292
221 307 271 375 30
550 324 737 374 uurscrvss
951 324 1104 376 uvore.

221 479 337 540 moitius
348 482 459 538 scietas
478 480 672 553 detentusque
684 481 770 536 rebus
778 478 916 552 gerundis
929 480 1107 549 Suetonius,

222 582 298 657 quod
323 586 387 652 post
409 592 516 652 paucus
538 595 631 635 naves
644 579 675 635 in
692 577 775 635 litere
790 579 999 654 remigiumque
1015 579 1106 637 iniis

190 682 193 687 ’
222 679 368 745 amiserat,
390 685 533 751 tamquam
557 679 680 734 durante
704 678 790 746 betto,
812 675 924 734 trudm
949 675 1106 735 πατείτω

223 776 358 838 Petronio
372 775 549 853 Turpiliano,
563 776 612 851 qui
625 778 686 834 iam
700 778 861 834 Consulatu
875 778 998 842 obierat,
1018 777 1106 836 iube·

224 883 278 936 tur.
308 878 339 934 ls
350 894 408 934 non
423 876 541 933 inritato
554 877 647 943 hoste,
662 893 756 951 neque
770 876 934 942 lacessitus,
945 878 1107 936 honestum

225 975 306 1050 pacis
322 992 426 1032 nomen
441 976 525 1048 segni
538 975 600 1032 otio
610 975 750 1047 inposuit.

173 1079 215 1139 40
264 1075 377 1131 Eodem
400 1090 478 1130 auno
502 1075 612 1131 Romus
632 1072 760 1147 insignia
772 1076 895 1141 sceiere,
908 1077 1031 1132 uitemm
1047 1074 1107 1132 Se·

227 1172 344 1242 catoris,
358 1171 458 1229 serviti
472 1174 594 1229 aiterum
619 1171 751 1239 audacis,
772 1172 900 1230 sumtus
920 1180 998 1230 sunt.
1040 1174 1108 1231 Do·

227 1271 325 1330 mitius
347 1273 455 1328 Batbus
478 1277 540 1328 erat
563 1272 736 1338 Praetorius,
756 1272 841 1328 simut
865 1273 953 1346 ionga
969 1278 1109 1341 senecta,

228 1370 312 1428 simui
327 1370 450 1428 orbitate
464 1376 494 1427 et
514 1369 640 1442 pecunia
663 1369 779 1426 insidiis
805 1371 960 1428 obnoxius.
982 1370 1010 1427 ei
1039 1386 1111 1443 pro·

228 1469 350 1551 pinquus
363 1469 499 1526 Vuierius
510 1469 669 1534 Fabianus,
676 1468 868 1539 capessendis
881 1469 1041 1525 honoribus
1052 1468 1109 1525 dc·

229 1567 361 1635 stipatus,
374 1568 502 1625 subdidit
529 1573 744 1631 testamentum,
765 1566 885 1623 adscitis
905 1567 1029 1624 Vinicio
1043 1567 1108 1624 ltu-
1156 1602 1159 1607 ν

230 1666 298 1731 tino,
312 1672 343 1721 et
358 1666 501 1723 'Ferentio
522 1666 661 1732 Lentino,
684 1663 838 1739 Equitibus
859 1665 1010 1722 Romanis.
1053 1664 1109 1722 iiii

231 1763 397 1822 Antonium
418 1763 546 1820 Primum
559 1769 590 1820 st
614 1764 751 1821 Asinium
774 1763 949 1821 Marceitum
971 1763 1111 1820 sociare-

230 1866 304 1919 runt.
348 1860 494 1919 Antonius
521 1861 644 1919 audacis
667 1871 832 1935 promptus:
856 1862 1014 1919 Menoetius
1037 1861 1111 1921 Asi·

231 1960 282 2020 nio
306 1959 440 2018 Potiioue
463 1974 573 2033 proavo
586 1963 692 2027 uterus,
715 1967 809 2034 neque
831 1966 1109 2033 morum'sperneu·

230 2061 285 2118 dua
311 2062 481 2127 hebebatur,
509 2059 565 2117 uisi
589 2061 665 2133 quod
693 2065 894 2132 paupertatem
918 2061 1114 2132 praecipuum

233 2163 374 2219 maiorum
394 2161 541 2219 credensi.
583 2159 676 2233 igitur
690 2156 839 2216 Fabianus
850 2159 963 2215 tabutas
972 2158 1020 2225 iis,
1033 2172 1111 2232 quos

233 2260 404 2326 memoravi,
417 2265 448 2315 et
462 2259 528 2316 atiis
548 2258 644 2315 miuus
663 2257 841 2326 inlustribus,
861 2257 1008 2331 obsignat.
1028 2257 1109 2331 quod

150 2422 152 2427 ,
234 2357 309 2429 apud
331 2358 432 2414 Patres
450 2356 640 2415 convicturus
661 2361 692 2413 et
720 2356 869 2413 Fabianus
896 2354 1109 2429 Antoniusque,

200 2443 202 2448 ’
235 2472 301 2515 curu
324 2456 430 2513 Rutino
446 2462 476 2512 et
496 2453 651 2521 Terentio,
673 2456 738 2529 iege
759 2455 900 2512 Cornetiu
920 2455 1108 2511 damnentur.

236 2554 409 2612 Marcetium
430 2552 568 2609 mensoria
595 2553 743 2620 maiorum,
764 2557 795 2609 et
824 2568 927 2625 preces
959 2550 1109 2619 Caesaris,

183 2664 222 2723 41
236 2668 348 2726 poenae
364 2650 465 2723 magis,
485 2666 570 2725 quarn
582 2649 722 2708 iniunsiee
748 2667 895 2708 exemere.
936 2650 1066 2708 Perculit
1080 2651 1109 2709 is

236 2751 299 2808 dies
314 2749 483 2821 Pompeium
496 2766 608 2823 quoque
624 2750 792 2813 Aelianum,
806 2749 944 2806 iuvenem
966 2751 1111 2822 Quaesto—

237 2850 321 2914 rium,
343 2854 488 2922 tamquam
507 2848 681 2922 brigitionem
711 2848 836 2905 Fabiani
856 2864 1000 2922 gnerumr
1022 2847 1109 2923 etque

238 2949 326 3009 italia
340 2953 370 3004 et
385 2947 537 3020 Hispania,
550 2947 581 3003 in
595 2964 651 3020 que
663 2954 742 3004 ortus
756 2952 827 3017 erat,
848 2946 1038 3010 interdictum
1052 2951 1109 3005 est.

239 3048 307 3108 Puri
327 3045 487 3122 ignominia
518 3045 655 3102 Vaterius
688 3044 829 3103 Ponticus
856 3045 999 3112 adficitur,
1031 3046 1111 3120 quod

271 3203 324 3249 Nisi
356 3202 399 3249 uod
417 3197 582 3258 Paupertatem]
613 3198 687 3250 Quum
703 3199 761 3245 haec
780 3198 847 3258 digna
863 3198 973 3259 scriptore
983 3199 1111 3260 perdentis·

239 3262 310 3310 simo!
331 3218 398 3313 tiore,
409 3262 565 3314 reposcerem,
583 3257 625 3318 Ep.
646 3258 722 3305 XVit.
754 3258 794 3305 ‘si
813 3257 846 3305 vis
867 3272 948 3304 vacere
965 3258 1049 3315 animo,
1068 3262 1112 3305 aut

240 3326 247 3348 ⁸
256 3335 340 3383 pauper
349 3320 378 3366 sis
387 3323 485 3383 oportet,
494 3326 533 3364 sut
542 3316 635 3380 pauperi
644 3317 741 3364 sinitur
771 3317 833 3364 Brut.

157 3398 163 3409 “
269 3399 328 3457 Lege
345 3397 449 3444 Cornelio
466 3397 612 3467 damnantur]
652 3396 678 3443 id
697 3400 738 3450 est,
753 3395 832 3442 ordine
850 3395 967 3442 Senatorio
984 3399 1111 3442 moventur.

241 3460 309 3514 Num,
326 3457 428 3518 quamvis
446 3457 500 3514 tegis
519 3455 640 3501 Corneliae
655 3455 769 3501 ordinaria
791 3468 863 3515 porus
883 3454 1011 3525 deportatio
1028 3454 1066 3509 sit,
1087 3457 1111 3499 et

241 3518 348 3563 bonorum
359 3515 493 3575 pubiicatior
511 3520 587 3560 tamen
604 3515 627 3560 iu
645 3514 808 3564 honestioribus
822 3513 935 3562 submotto
947 3512 1016 3562 etium
1026 3511 1114 3561 ordinis

242 3576 340 3625 admissa
349 3579 391 3621 est.
423 3572 515 3622 Tacitus
525 3572 556 3621 ii.
567 3575 589 3631 2,
600 3575 637 3623 au.
