2509 4292
287 336 337 409 iz
610 348 796 405 immin
1012 357 1041 406 s.
1057 354 1090 405 r.
1108 339 1181 406 rra·

288 526 402 589 quoque
427 509 535 577 rietus,
561 508 614 568 alii
638 511 761 567 csrttste
788 524 915 576 suornm
946 526 1017 584 quos
1045 509 1173 583 eripere

288 611 491 686 nequiverant,
503 608 636 684 quamvis
649 613 769 682 patente
782 606 899 682 effugio,
912 608 1060 666 interiere.
1094 609 1172 668 Nec

288 709 608 788 quisquamdelendere
630 709 765 776 audebat,
777 709 886 766 crebris
900 711 1055 767 multorum
1065 708 1172 777 minis,
1238 786 1239 789 Ἴ

287 810 468 884 restinguere
489 808 716 880 prohibentium,
738 812 770 864 et
793 808 860 882 quia
884 808 936 865 alii
956 810 1054 879 palam
1079 807 1169 865 laces
1238 796 1239 799 ¹

289 909 447 976 iaciebant,
470 912 556 982 atque
577 923 643 963 esse
657 905 714 964 sibi
733 911 882 965 auctorem
906 906 1169 964 vociferabantur:

238 1007 355 1068 39sive
368 1014 400 1066 ul
423 1014 520 1078 raptus
541 1007 677 1065 licentius
702 1012 883 1071 exercerent,
910 1023 962 1064 seu
983 1006 1073 1062 iussu.
1117 1007 1170 1064 Eo

291 1109 467 1179 intempore
487 1107 577 1171 Nero,
601 1105 689 1163 Antii
711 1122 884 1180 ugenacco
906 1111 974 1162 ante
998 1105 1030 1161 in
1059 1106 1171 1163 urbem

292 1222 437 1279 regressus
450 1212 505 1272 est,
519 1223 603 1280 quam
617 1205 716 1264 domui
726 1206 799 1273 eius,
811 1223 866 1280 qua
881 1205 1020 1278 palatium
1034 1211 1064 1262 el
1081 1205 1171 1263 Mae·

298 1304 412 1364 oenatis
455 1306 553 1362 lrortos
575 1306 810 1372 continuaverat,
843 1306 920 1380 ignis
947 1305 1171 1379 propinquaret.

294 1405 399 1480 Neque
409 1409 507 1462 tamen
521 1405 584 1462 sisti
599 1404 702 1478 potnit,
721 1405 791 1480 quin
805 1409 835 1462 et
862 1404 1001 1477 palatium
1015 1411 1045 1460 et
1058 1405 1170 1462 domus

295 1509 326 1562 et
339 1511 446 1562 cuncta
459 1505 569 1562 circum
595 1504 785 1561 haurirentur.
827 1506 887 1561 Sed
906 1503 1040 1560 solatium
1056 1505 1171 1575 populo

295 1607 448 1661 exturbato
461 1610 490 1660 et
506 1603 624 1675 profugo
640 1618 773 1675 campum
789 1601 892 1660 Martis
913 1619 948 1660 ac
975 1608 1171 1660 monuments

296 1704 464 1776 Agrippne3
487 1704 583 1760 hortos
596 1703 667 1775 quin
681 1703 769 1761 etiam
782 1722 848 1761 suos
862 1702 1016 1776 patefecit:
1037 1708 1068 1759 et
1087 1701 1171 1759 subi·

295 1801 369 1859 teria
382 1802 516 1858 aedilicia
529 1803 684 1867 exstruxit,
709 1820 782 1878 quae
807 1802 1020 1860 multitudinem
1040 1801 1168 1874 inopem

296 1899 483 1968 acciperent:
504 1902 702 1975 subvectaque
729 1902 866 1959 utensiiia
889 1903 938 1958 ab.
951 1900 1034 1958 Ostia
1055 1903 1086 1956 et
1100 1917 1170 1972 pro·

299 1999 413 2074 pinquis
435 2000 618 2073 municipiis3
649 2002 828 2074 pretiumque
857 1999 992 2058 immenti
1018 1999 1168 2056 minutum

300 2101 439 2173 usquead
464 2085 560 2157 ternos
584 2116 725 2156 nummos.
768 2100 860 2170 Quae,
880 2114 1051 2173 quamquam
1077 2113 1169 2169 popu·

299 2199 383 2265 laria,
407 2199 437 2256 in
463 2199 580 2257 inritum
599 2200 754 2264 cadebant,
778 2197 845 2273 quia
868 2204 1036 2271 pervasemt
1060 2212 1169 2264 mmor,

300 2296 384 2370 ‘ipso
397 2305 527 2369 tempore
545 2296 693 2370 flagrantis
718 2297 804 2360 urbis,
827 2297 917 2353 inisse
938 2312 1004 2353 eum
1029 2294 1170 2352 domesti-

300 2401 383 2453 ‘esm
396 2390 515 2454 scenam
529 2402 559 2461 et
573 2397 718 2454 cecinisse
732 2395 897 2452 Troianum
908 2394 1064 2458 excidium,
1085 2409 1171 2465 prae·

246 2494 414 2558 40‘sentia
427 2496 503 2550 mala
518 2494 639 2550 vetustis
661 2494 793 2551 cladibus
815 2490 1056 2551 adsimulantem?
1091 2491 1172 2549 Sex·

300 2593 459 2648 tndemnm
483 2593 540 2657 die,
565 2594 641 2664 apud
655 2593 728 2649 imas
756 2582 913 2667 Esquilias,
934 2592 1000 2649 linis
1025 2588 1170 2648 incendio

299 2689 400 2755 lactus,
415 2691 537 2761 prorutis
551 2709 601 2762 per
614 2691 787 2749 immensum
801 2690 953 2758 aediliciis,
966 2695 998 2747 nt
1008 2688 1171 2747 continuae

301 2787 461 2845 violentiae
482 2807 601 2864 campus
615 2797 647 2846 et
668 2793 750 2846 velut
766 2808 889 2848 vacuum
903 2792 1018 2848 coelum
1036 2803 1171 2845 occurre·

300 2891 353 2944 ret.
395 2888 461 2944 Neo
487 2890 556 2946 dum
578 2887 672 2959 posito
696 2895 784 2957 metu,
804 2889 917 2947 redibat
946 2887 1041 2946 levius
1056 2900 1170 2943 rursum

301 2991 448 3061 grassatus
475 2987 560 3060 ignis,
591 2987 698 3059 patulis
720 2988 812 3062 magis
838 2989 916 3045 urbis
954 2986 1045 3055 locis3
1071 3001 1169 3058 eoque

302 3092 412 3159 strages
435 3086 583 3144 bominum
603 3087 704 3144 minor.
727 3089 846 3145 delubra
871 3087 968 3144 Deum
991 3092 1021 3142 et
1041 3084 1170 3156 porticus
1237 3084 1239 3089 ⁴

302 3182 472 3241 amoenitati
494 3183 609 3239 dicatae
635 3184 720 3239 latins
746 3182 904 3255 procidere.
946 3182 1073 3255 Plusque
1098 3180 1170 3237 inla-

299 3283 378 3339 miae.
392 3283 422 3338 id
446 3281 615 3341 incendium
643 3282 753 3349 babuit,
774 3281 840 3356 quia
869 3280 994 3354 praediis
1023 3276 1170 3352 Tigellini

302 3380 479 3438 Aemilianis
490 3387 663 3452 proruperat.
707 3381 927 3452 videbaturque
945 3380 1029 3435 Nero
1042 3380 1170 3435 conden-

301 3478 356 3547 dpe
370 3479 447 3535 urbis
462 3497 556 3536 novae
570 3485 601 3536 et
614 3488 812 3553 cognomento
835 3496 888 3535 suo
901 3479 1097 3550 adpellandae
1112 3479 1171 3550 glo·

301 3572 374 3632 riam
396 3593 544 3649 quaerere.
594 3579 710 3652 Quippe
733 3578 764 3636 in
789 3577 924 3652 regiones
949 3575 1172 3669 quatuordecim
