2509 4292
130 350 159 400 t.
175 347 204 397 o.
220 352 259 398 ns.
342 347 414 396 nm.
439 342 511 395 xtr.
561 344 642 396 car.
669 330 837 399 nt-so.
956 332 1003 403 37

130 502 341 562 ‘lectsmcutis
367 502 514 577 Principis
547 506 645 577 palam
677 505 819 579 iniquum,
843 506 1006 568 detrectare

130 605 294 662 ‘vimeius
314 621 405 677 equos
428 604 573 678 regentis3
594 605 728 661 inludere
751 622 850 672 voces,
873 609 1007 681 quotiens

130 709 284 761 ‘maeret
326 704 422 776 Quem
435 703 473 760 ad
487 702 574 761 tinem
589 702 663 761 nibil
678 704 708 761 in
725 704 799 777 liep.
812 707 923 763 clarum
937 706 1008 776 lore,

131 805 232 878 ‘qaod
252 821 309 861 nou
334 802 439 859 abillo
463 802 582 876 reperiri
605 805 749 863 credatur.
792 805 882 862 Certe
896 805 1009 864 linitam

131 902 284 961 ‘Nemnis
307 902 471 975 pueritiam,
494 907 526 959 et
549 906 636 959 robur
658 904 798 961 luventae
824 906 936 962 adesse.
958 922 1009 963 ax·

132 1008 235 1062 ‘ocrcl
250 1003 427 1077 magistrum,
448 1001 521 1060 satis
541 1005 646 1074 amplis
664 1005 832 1061 doctoribus
851 1006 1009 1064 instructus

132 1103 312 1161 ‘maioribus
340 1099 423 1159 suis?
479 1102 521 1159 nt
550 1103 668 1160 Seneca
700 1104 919 1162 criminantium
949 1112 1062 1174 uon53

132 1204 261 1279 mnume-
276 1203 465 1275 prodentibus
485 1203 533 1267 iis,
546 1202 649 1277 quibus
670 1204 766 1277 aliqua
791 1204 905 1261 bonesti
929 1223 1009 1275 cura,

132 1309 164 1361 cl
191 1303 421 1361 familiaritatem
448 1302 511 1359 eins
533 1302 625 1377 magis
650 1303 843 1374 adspernante
870 1304 1009 1372 Caesare,

133 1409 249 1475 tempus
259 1402 388 1460 sermoni
401 1406 480 1460 orat:
501 1411 532 1459 et
545 1408 680 1475 accepto,
700 1402 743 1459 ita
756 1402 876 1476 incipit:
897 1412 905 1436 ‘
918 1405 1009 1477 Quar-

133 1504 334 1560 ‘tosdecimus
347 1518 440 1560 annus
453 1506 509 1561 est,
524 1502 645 1568 Caesar,
669 1519 707 1558 es
721 1519 778 1576 qno
792 1503 856 1575 spei
871 1510 937 1560 tuae
961 1505 1010 1561 ad·

134 1609 250 1660 ‘motos
274 1618 354 1660 sumt
374 1607 508 1670 octavus,
532 1609 563 1658 ut
586 1601 744 1674 Imperium
758 1604 892 1672 obtines3
913 1603 1010 1662 medio

132 1701 293 1772 ‘temporis
308 1707 420 1759 tantum
443 1702 584 1758 bonorum
607 1706 793 1775 atqueopum
807 1703 838 1759 in
861 1722 907 1760 me
931 1721 1010 1761 cum·

132 1801 252 1868 ‘blasti
265 1807 297 1857 ut
311 1801 385 1858 nibil
409 1801 546 1859 felicitati
569 1819 654 1858 meae
667 1801 752 1867 desit,
767 1803 824 1858 nisi
849 1802 1010 1860 moderatio

133 1901 229 1957 ‘eius
271 1901 348 1959 Vtar
366 1902 481 1974 magnis
501 1902 656 1973 exemplis,
681 1920 736 1960 nec
763 1920 846 1959 meae
868 1892 1010 1971 fortunae,

134 2002 209 2056 ‘sed
235 2007 309 2057 tuae.
354 2002 477 2058 Abavns
492 2008 573 2066 -tuus,
600 2003 757 2073 Augustus,
787 2000 829 2055 tl.
860 2002 1010 2074 Agrippae

133 2099 357 2174 ‘Mitylenense
371 2105 535 2170 secretum
557 2101 591 2157 G.
613 2092 794 2162 Maecenati,
808 2100 876 2154 urbe
891 2101 922 2155 in
938 2100 1011 2172 ipsa,

131 2190 238 2257 ‘velot
274 2200 458 2272 peregrinum
491 2199 583 2256 otium
612 2197 760 2271 permisit:
791 2214 910 2271 quorum
937 2200 1012 2255 ulter

133 2301 298 2357 ‘bellorum
324 2298 431 2366 socius,
458 2302 532 2356 alter
562 2298 676 2355 Romae
711 2295 839 2369 pluribus
866 2295 1011 2356 laboribus

132 2397 290 2465 ‘iactatus
305 2402 402 2470 ampla
416 2398 542 2473 quidem,
555 2398 607 2453 sed
632 2414 684 2469 pro
697 2396 866 2469 ingentibus
890 2395 1011 2465 meritis,

133 2498 287 2573 ‘praemia
300 2502 485 2570 acceperant.
526 2496 672 2572 Egoquid
694 2496 772 2553 aliud
793 2497 1011 2554 munificentiae

133 2604 224 2657 ‘tuae
248 2598 387 2654 adbibere
413 2596 504 2671 potui,
528 2613 614 2670 quam
638 2596 743 2659 studia,
757 2603 786 2652 ut
809 2595 852 2652 sic
874 2597 1010 2666 dixerim,

135 2699 187 2758 ‘in
201 2700 303 2755 umbra
317 2694 465 2754 educata?
484 2701 515 2752 et
535 2695 637 2771 quibus
660 2696 804 2752 claritudo
828 2695 920 2760 venit,
933 2696 1010 2780 qnod

132 2797 294 2855 ‘iuventae
321 2802 388 2853 tune
413 2795 585 2853 rudimentis
608 2793 732 2851 adluisse
762 2794 874 2862 videor,
900 2797 1010 2869 grande

133 2897 242 2954 ‘buius
256 2896 301 2965 rei
324 2895 458 2968 pretium.
479 2900 509 2952 at
525 2900 556 2951 tu
580 2895 704 2967 gratiam
724 2894 906 2960 immensam,
928 2896 1010 2952 innu-

134 3003 267 3056 ‘rneram
288 2995 445 3066 pecuniam
465 2993 699 3051 circumdedisti:
720 2995 804 3059 adeo,
831 3001 863 3049 ut
888 2997 1011 3064 plerum-

129 3105 206 3171 ‘que
217 3095 295 3152 intra
309 3094 420 3166 meipse
433 3094 570 3150 volvam:
586 3092 698 3167 Egone,
711 3090 838 3166 equestri
849 3100 879 3147 et
894 3091 1009 3162 provin·

130 3194 226 3251 ‘ciali
240 3195 307 3250 loco
319 3198 408 3257 ortus,
423 3192 588 3263 proceribus
601 3190 733 3248 civitatis
747 3186 941 3246 adnunreror?
963 3191 1009 3249 ln·

131 3298 201 3352 ‘ter
224 3293 357 3371 nobiles,
371 3298 401 3348 ct
425 3293 513 3366 longa
533 3293 641 3348 decora
663 3288 869 3364 praeferentes,
891 3289 1008 3348 novitas

162 3472 252 3517 Aturus
267 3471 325 3515 lunt
343 3466 473 3527 lugemus]
506 3465 576 3512 immo
591 3465 683 3534 nbcmu.
714 3462 777 3522 inps.
815 3462 851 3510 Sic
869 3462 877 3509 i
894 3446 917 3510 se
933 3468 1008 3511 noster

129 3533 203 3637 2⁰3}
203 3542 283 3645 effi?
293 3530 340 3638 ¹13,
356 3530 394 3575 ot.
411 3527 472 3574 unde
487 3539 538 3573 cum
553 3520 645 3584 Ryckrn
662 3536 744 3586 recept.
775 3521 837 3571 Em.
889 3523 1009 3574 coeam

173 3688 245 3730 ror..
265 3688 303 3730 ιι.
584 3669 603 3723 4
