2509 4292
100 318 125 370 l.
139 321 166 370 c.
181 325 217 370 rr.
314 321 383 371 ura.
410 321 458 371 π.
511 320 589 372 cle.
616 297 785 409 bb-fbb.
892 308 963 377 ala

98 473 134 532 lic
154 475 321 534 voluntaris
347 484 439 534 morte
459 477 606 537 interiisse
626 480 765 538 creditus.
809 482 877 551 Sed,
903 484 964 558 qui·

99 575 145 632 bns
157 577 266 634 artibus
282 577 455 650 latebrisque
470 578 561 634 vitam
582 596 635 652 per
659 596 767 638 novem
781 566 853 636 mci
871 598 964 646 annes

100 675 265 743 traduxerit,
279 674 365 732 simul
390 674 623 735 amicorumeius
637 679 845 745 constantiam,
865 683 896 735 et
921 679 964 737 iu·

97 771 173 846 signe
185 774 362 847 Epponinae
376 775 474 832 uxoris
495 778 671 848 exemplum,
694 793 748 833 suu
774 779 840 833 loco
864 778 963 834 redde·

99 888 163 929 mus.
204 874 406 947 Sequanorum
428 891 563 946 prospera
583 876 649 931 acie
673 876 743 931 belli
766 875 882 948 inpetus
906 881 962 933 ste·

98 968 138 1024 tit.
177 969 363 1043 Resipiscere
388 971 537 1045 paullatim
560 973 710 1039 civitates,
730 974 829 1048 lneque
853 980 884 1030 et
904 975 962 1032 loe·

98 1066 160 1126 dera
179 1070 335 1145 respicere,
362 1068 540 1141 principibus
561 1070 681 1127 Remis:
702 1072 750 1145 qui
771 1090 823 1145 per
847 1072 961 1129 Gallias

100 1165 218 1233 edixere,
230 1174 282 1224 ‘ut
304 1167 399 1223 missis
413 1167 516 1240 legatis
539 1169 569 1225 in
584 1186 739 1226 commune
753 1172 960 1237 consultarent,

99 1261 226 1321 ‘libertas
239 1283 277 1322 an
293 1283 351 1338 pax
367 1265 515 1336 placeret!
553 1267 600 1323 -At
614 1268 726 1325 Romae
740 1274 847 1326 cuncta
866 1269 898 1325 iu
911 1269 959 1325 de·
970 1282 1010 1339 ει

100 1360 177 1417 terius
209 1365 309 1422 audita
342 1363 513 1422 Mucianum
543 1368 699 1438 angebant,
720 1383 960 1440 aequamentum

102 1459 198 1532 egregii
220 1464 323 1520 Duces
347 1460 418 1536 (iam
439 1464 518 1520 enim
541 1464 660 1520 Gallum
685 1464 817 1520 Annium
830 1471 860 1521 et
882 1452 960 1522 Peti-

100 1553 161 1613 lium
175 1559 322 1618 Cerialem
337 1562 498 1638 delegerat)
514 1578 656 1618 summam
671 1562 741 1618 belli
763 1579 863 1633 parum
888 1564 959 1619 tole·

99 1660 193 1712 rareut.
234 1660 302 1716 Nec
316 1659 522 1734 -selinqueuda
555 1663 621 1715 urbs
651 1659 715 1715 sine
749 1666 869 1716 rectore.
919 1661 959 1718 Et

98 1748 251 1813 Domitiani
264 1756 426 1814 indomitae
440 1757 577 1814 libidines
592 1757 785 1814 timebantur:
806 1759 958 1831 suspectis,

100 1848 137 1902 uti
154 1851 286 1920 diximus,
312 1855 411 1912 Primo
436 1856 568 1912 Antonio
594 1856 731 1929 Varoque
761 1856 856 1913 Arrio·
897 1858 957 1915 Va·

98 1962 150 2014 ms,
172 1952 365 2012 Praetoriauie
396 1955 584 2028 praepositus,
616 1956 678 2011 vim
698 1960 784 2028 atque
811 1972 890 2011 arma
914 1975 956 2014 re·

98 2044 208 2107 tinebal.
248 2054 325 2111 Eum
348 2053 501 2110 Mucianus
532 2055 645 2126 pulsnm
675 2056 749 2117 lncn,
769 2070 807 2109 ne
827 2052 892 2108 siue
911 2071 956 2111 sc

97 2142 162 2200 latin
179 2158 285 2223 ageret,
305 2129 440 2208 anuuuae
472 2151 621 2224 praefecit
663 2151 763 2223 thue
788 2150 955 2209 Domitiani

100 2241 223 2316 animum,
244 2246 327 2307 Varu
347 2251 422 2308 haud
451 2251 588 2316 alienum,
608 2248 754 2315 deliniret,
785 2248 954 2307 Arretinum

99 2338 278 2417 Clementem,
298 2351 399 2408 domni
420 2347 596 2422 Vespasiani
626 2365 677 2419 per
697 2345 878 2404 adfinitatem
911 2348 954 2404 in·

100 2451 203 2510 nexum,
242 2453 272 2506 et
315 2447 510 2523 gratissimum
545 2445 726 2510 Domitiano,
759 2443 953 2504 Praetcrisuic

99 2545 403 2619 luerosule‘patrem
430 2547 502 2610 eius,
529 2545 582 2601 sub
609 2543 684 2600 Caio
710 2544 847 2610 Caesare,
874 2563 953 2619 egre·

98 2632 158 2704 ‘gie
177 2640 303 2702 sunctum
326 2661 361 2700 ea
374 2642 462 2711 cura,’
483 2643 637 2699 dictitans:
660 2642 788 2698 ‘laetum
812 2642 952 2702 militibus

102 2727 183 2792 ‘idem
203 2758 317 2811 nomen,
332 2748 418 2817 atque
431 2742 534 2813 ipsum,
561 2757 724 2815 quanquam
749 2741 896 2800 Senatorii
908 2761 951 2802 cr·

100 2826 191 2900 ‘dinis‚
204 2841 240 2895 ad
262 2846 381 2915 utraque
403 2840 504 2896 munia
527 2837 678 2896 sufficere'
720 2839 950 2898 Adsumuuture

99 2922 209 2989 civitate
221 2938 540 3012 clarissimus-quisque,
552 2942 583 2993 et
603 2936 655 2992 alii
677 2954 728 3008 per
751 2935 949 2994 ambitionem.

102 3018 183 3086 Simul
198 3033 383 3095 Domitianus
411 3035 622 3108 Mucianusque
636 3033 873 3107 accingebantur,
892 3034 951 3090 die·

123 3192 207 3258 midde
214 3207 349 3268 Epponinae,
358 3212 413 3272 etc]
434 3210 496 3257 Vere
505 3210 589 3315 insiglne
598 3212 622 3254 et
632 3222 714 3261 rarum,
725 3207 859 3310 plemundus
867 3205 918 3252 tidei
927 3205 950 3253 iu

100 3260 145 3298 “¹¹¹
159 3257 227 3310 infido.
259 3270 342 3327 (Pudet
363 3270 455 3323 metui,
476 3269 534 3316 bnue
575 3267 616 3330 ipsi
628 3267 647 3324 l)
671 3267 724 3313 Nou
741 3265 812 3311 estin
836 3264 897 3321 ibris,
912 3265 951 3325 qui

97 3316 182 3383 ‘madi-
211 3325 314 3374 Servavit
323 3328 382 3374 euim
397 3328 489 3375 Tacitus
506 3328 529 3374 in
543 3329 647 3373 ultimum
661 3325 792 3386 Vespasiani
801 3338 890 3379 annum,
900 3338 950 3370 cum

99 3369 120 3432 5²
129 3368 189 3423 ¹¹¹llul
197 3379 232 3426 hic
242 3386 336 3432 Sabinus
346 3387 395 3447 (qui
409 3386 550 3446 gloriabatur
560 3402 573 3432 a
583 3386 681 3432 Caesare
695 3399 762 3443 genus
772 3384 862 3440 ducere)
873 3387 896 3428 et
906 3382 950 3427 ista

97 3434 104 3463 ¹
156 3432 267 3496 Rponlna
286 3445 404 3492 interlecti.
436 3445 497 3491 Tota
522 3445 623 3498 historia,
645 3443 775 3502 dignissima
800 3443 870 3509 lectu,
890 3441 950 3500 apud

115 3450 227 3566 milleium
236 3501 314 3549 diffuse
329 3509 363 3549 est
378 3504 400 3549 iu
415 3504 510 3550 Erctirn
518 3510 626 3553 extremo.
659 3502 754 3563 Aliquid
764 3505 788 3548 et
802 3500 882 3548 ulons
891 3514 951 3546 eoru·

100 3544 191 3596 lendium
201 3569 223 3601 ul
229 3559 370 3621 Vespasiano
380 3561 467 3621 nxvl,
482 3566 505 3609 3.
530 3561 594 3619 Line.
