2509 4292
109 421 141 471 s.
158 423 186 469 c.
203 425 241 471 ro.
346 422 416 469 arn.
441 417 493 470 ιιι.
545 421 624 470 cnr.
652 401 819 470 39.-41.
903 397 976 468 289

103 576 327 660 spadonumque
340 575 466 647 agmine,
480 575 597 649 segnius
616 592 702 649 quam
716 576 754 630 ad
773 575 880 632 bellum
898 576 976 631 ince-

103 676 192 740 dens,
213 673 373 747 ‘proditam
393 693 411 730 n
435 674 551 732 Lucilio
576 676 669 730 Basso
684 673 888 730 Ravennatem
902 675 974 728 clas·

104 771 209 837 ‘sem'
233 771 397 845 pernicibus
423 772 532 828 nuntiis
555 772 679 842 accepit.
721 770 816 838 Et,1si
837 777 975 842 coorstum

103 871 165 928 iter
174 876 364 942 properasset,
379 876 529 927 nutantem
544 871 705 926 Caecinam
721 871 901 942 praevenire,
915 879 974 935 aut,

68 1033 69 1036 Ἴ
103 977 177 1028 aute
201 969 360 1052 discrimen
382 963 507 1042 pugnae,
527 968 646 1042 adsequi
670 969 800 1041 legiones
825 968 972 1040 potuisset.

103 1069 175 1126 Nec
200 1069 331 1132 deerant,
351 1068 399 1141 qui
413 1073 574 1132 monerent,
597 1072 648 1122 ‘ul
664 1083 730 1123 cum
753 1067 898 1124 fidissimis
924 1083 975 1138 per

103 1168 257 1223 ‘occultos
272 1165 410 1232 tramites,
432 1165 525 1222 vitata
546 1165 699 1231 Ravenna,
724 1166 879 1222 Hostiliam
903 1166 972 1222 Ore·

102 1270 284 1320 ‘monamve
311 1262 460 1335 pergeret?
503 1263 579 1319 Allis
607 1266 749 1334 placebat,
780 1263 904 1321 ‘accitis
932 1281 971 1320 ex

99 1363 194 1417 ‘urbe
206 1360 361 1417 Praetoriis
375 1360 541 1422 cohortibus
557 1361 654 1417 valida
670 1379 755 1418 manu
770 1360 974 1435 perrumpere!

103 1459 184 1533 lpse,
206 1459 305 1515 inutili
318 1459 515 1524 cunctatione,
537 1459 644 1532 agendi
665 1465 793 1532 tempora
806 1463 971 1517 consultan-

100 1560 141 1617 do
154 1556 343 1629 consumpsit.
359 1573 426 1612 mox
441 1563 591 1629 utrumque
604 1557 758 1614 consilium
772 1560 970 1630 adspernatus,

102 1657 182 1731 quod
206 1655 284 1711 iuter
309 1654 449 1727 ancipitia
482 1653 668 1711 deterrimum
694 1661 747 1721 esl,
775 1656 843 1713 dum
871 1657 972 1732 mediq

50 1794 58 1809 .
99 1750 239 1826 sequitur,
262 1766 317 1806 nec
340 1767 424 1806 susus
445 1757 490 1805 est
512 1749 591 1816 satis,
614 1766 670 1806 nec
690 1751 826 1823 providit.
869 1752 1015 1811 Missistl

102 1851 140 1907 sd
169 1848 325 1905 Vitellium
353 1848 466 1913 litteris,
493 1848 634 1905 auxilium
662 1852 796 1921 postulat.
848 1852 968 1909 Venere

99 1952 159 2004 lres
168 1948 379 2003 cobortcscurn
390 1949 435 2002 ala
447 1945 636 2004 Britannica:
652 1966 744 2021 neque
758 1950 794 2004 ad
809 1950 968 2007 fallendum

101 2050 188 2118 aptus
203 2061 449 2117 numerandaque
464 2045 500 2099 ad
517 2048 736 2115 penetrandum.
780 2047 839 2103 Sed
853 2048 966 2104 Valens

99 2161 139 2201 ne
161 2144 194 2200 in
216 2148 298 2199 tanto
320 2143 436 2215 quidem
459 2142 627 2200 discrimine
651 2143 771 2200 infamia
796 2144 896 2209 caruit,
910 2164 969 2220 quo

98 2242 197 2300 minus
224 2257 324 2313 rapere
348 2239 475 2297 inlicitas
503 2241 676 2311 voluptates,
697 2241 901 2315 adulteriisque
929 2261 965 2301 ac

99 2340 207 2411 stupris
233 2341 359 2410 polluere
374 2338 520 2411 hospitum
532 2340 643 2405 domus,
657 2340 830 2397 crederetur.
845 2343 965 2400 aderaut

99 2437 191 2494 viset
213 2436 337 2509 pecunia
356 2443 386 2491 el
406 2436 516 2493 ruentis
538 2437 667 2494 fortunas
687 2438 846 2495 novissima
865 2434 965 2498 libido.

99 2536 246 2595 Adventu
260 2536 376 2591 demum
390 2535 518 2606 peditum
540 2536 725 2609 equitumque
754 2537 881 2608 pravitas
895 2555 964 2596 con-

99 2634 157 2691 silii
184 2632 285 2706 patuit,
310 2633 375 2705 quia
397 2649 452 2689 nec
477 2634 584 2689 vadere
607 2652 659 2706 per
677 2635 773 2691 hostes
794 2642 852 2692 tarn
874 2655 964 2711 parva

100 2749 190 2790 mauu
205 2736 327 2804 poterat,
347 2731 436 2786 etiam
460 2732 484 2787 si
499 2732 636 2788 fidissima
655 2734 736 2801 iuret,
752 2752 806 2792 nec
821 2736 963 2811 integram

98 2831 185 2888 tidem
200 2830 372 2885 adtulerunt.
414 2830 510 2886 Pudor
524 2837 619 2888 tamen
634 2838 664 2888 el
685 2834 843 2905 praesentis
869 2836 963 2892 Ducis

97 2928 262 2985 reverentia
285 2928 456 2994 morabatur,
482 2930 556 2984 baud
581 2930 714 2986 diuturna
739 2932 857 2988 vincula
885 2936 962 3006 apud

96 3027 198 3086 avidos
213 3027 403 3098 periculorum
427 3031 457 3083 et
477 3028 626 3083 dedecoris
642 3045 765 3084 securos.
806 3030 852 3085 Eo
872 3039 961 3098 metu,

95 3130 231 3186 cohortes
248 3125 411 3183 Ariminum
425 3125 591 3198 praemittit,
605 3128 681 3181 alam
693 3125 765 3181 tueri
774 3132 854 3200 terga
865 3127 960 3183 iubet:

95 3227 169 3299 ipse,
184 3224 290 3297 paucis,
305 3241 375 3297 quos
389 3224 511 3280 adversa
535 3240 593 3279 non
615 3229 806 3289 mutaverant,
820 3225 959 3281 comitan-

91 3324 180 3384 tibus,
202 3322 282 3378 dexit
296 3322 327 3377 iu
342 3321 505 3387 Vmbriam,
518 3327 604 3394 alque
627 3321 695 3377 inde
719 3322 878 3378 Etruriam:
900 3325 959 3387 ubi,

96 3423 215 3496 cognito
228 3438 341 3493 pugnae
367 3419 571 3476 Cremonensis
585 3425 704 3486 eventu,
727 3439 785 3478 non
809 3422 958 3495 ignavum,

98 3521 173 3585 el,si
186 3520 376 3590 provenisset,
391 3525 472 3574 atrox
496 3518 649 3574 consilium
673 3518 748 3587 iniit,
767 3527 807 3588 ut,
830 3522 960 3594 adreptis
1009 3542 1012 3547 ·

98 3618 227 3686 navibus,
241 3619 273 3675 in
287 3634 486 3692 quamcunque
506 3623 616 3690 partem
630 3618 827 3677 Narbonensis
843 3621 959 3694 provin·

136 3736 202 3776 vor..
225 3738 259 3776 ιι.
560 3714 624 3772 25*
