2509 4292
92 367 127 413 s.
143 365 174 412 c.
191 368 228 412 τι.
313 364 384 414 mn.
411 368 457 416 rs.
508 368 587 415 css.
614 347 673 420 64.
700 348 759 417 65.
897 351 968 421 377

90 526 101 552 ‘
118 520 219 576 lucem
232 519 370 593 diemque
382 521 519 579 omnibus
532 522 717 591 bominibos;
736 523 778 580 ito
801 541 902 583 omues
915 531 970 584 ler-

92 622 163 677 ‘.rss
176 618 298 675 sortibus
310 617 381 674 siris
395 624 497 677 cotors
517 620 639 692 spernit.
681 622 819 679 Instituta
847 626 970 683 cultum·

93 721 174 789 ‘qoc
187 716 313 787 patrium
326 717 472 784 resumite,
492 720 621 792 sbruplls
636 721 844 791 uoluptatibus,
868 721 970 795 quibus

92 814 247 871 ‘Romani
261 816 325 886 plns
343 816 483 874 ndvcmm
502 818 661 883 subiectos,
690 834 775 890 qusm
802 819 900 885 ermis,
921 836 971 877 vs·

93 914 190 969 ‘lent
211 913 343 969 sinceros
369 921 402 969 et
414 913 529 988 integer
542 921 574 973 et
592 917 741 975 servitutis
754 918 862 975 oblitus
884 935 971 990 popu·

94 1013 174 1077 ‘lus‚
194 1016 244 1066 sul
265 1029 305 1068 ex
330 1029 425 1086 nequo
450 1013 555 1086 agetis,
576 1020 627 1073 cut
652 1015 719 1072 eliis
747 1015 971 1088 imperitsbitis!

90 1106 345 1183 Agrippinenses,
364 1115 480 1183 sumpto
503 1114 688 1171 consultandi
719 1117 823 1187 spello,
856 1116 1022 1188 questions

97 1225 198 1282 neque
209 1209 305 1265 subire
329 1209 516 1266 conditiones
530 1218 624 1268 metus
646 1212 743 1278 loturi,
756 1231 850 1287 oeque
876 1217 971 1285 palam

97 1307 269 1380 adspernari
292 1307 425 1365 conditio
446 1326 593 1381 praesens,
617 1311 743 1378 sinebat,
764 1313 795 1370 in
822 1315 897 1372 bunc
913 1330 970 1370 mo·

97 1405 170 1462 dum
197 1406 381 1478 respondent.
432 1408 536 1479 ‘Qrsse
564 1408 657 1481 prims
682 1408 824 1468 libertatis
848 1412 975 1471 neutras.

99 1506 190 1561 ‘dots
202 1508 256 1571 est,
276 1504 393 1562 ovidius
407 1522 494 1579 quem
516 1508 640 1574 centius,
660 1510 842 1579 sumpsimus,
863 1516 893 1567 ut
922 1527 972 1567 vc-

97 1603 167 1660 ‘bis
179 1603 341 1678 celerisque
356 1604 523 1670 Germanis,
536 1606 765 1678 consanguineis
785 1608 898 1669 nostris,
909 1608 971 1665 ion·

98 1707 262 1776 ‘geremus
287 1702 406 1760 Muros
433 1703 574 1770 civitatis,
595 1706 839 1777 congregantibus
852 1722 884 1761 se
904 1721 971 1763 cum

12 1846 31 1874 .-
99 1799 254 1858 ‘maxime
291 1801 488 1858 Romsnorum
520 1802 708 1870 exercitibus,
742 1820 847 1877 engere
877 1802 972 1871 coms,

97 1905 209 1972 ‘quam
235 1897 358 1966 diruere
389 1900 479 1957 tulius
499 1906 553 1957 est.
609 1901 644 1959 Si
663 1902 713 1976 qui
737 1921 776 1960 ex
797 1903 893 1969 ltslis,
920 1906 971 1960 cut

99 1995 296 2070 ‘provinciis‚
326 1997 510 2071 alienigenae
537 1999 569 2055 in
590 2000 695 2056 linibus
718 2001 822 2057 nostris
848 2002 970 2069 luerent,

99 2105 173 2153 ‘cos
194 2097 303 2152 bellum
324 2096 492 2168 abrumpsit,
527 2099 576 2153 vel
601 2097 632 2153 in
654 2113 720 2154 sues
746 2098 866 2171 quisque
886 2100 972 2159 sedes

97 2194 265 2267 ‘reingere
306 2193 452 2251 Deductis
472 2195 554 2259 olim,
566 2200 598 2251 et
610 2195 763 2253 nobiscum
784 2213 835 2266 per
861 2205 972 2255 conob·

101 2293 200 2349 ‘bium
215 2291 344 2362 sociatis,
365 2294 471 2368 quique
494 2311 563 2351 mos
589 2310 759 2365 provenere,
780 2295 854 2351 bueo
878 2293 973 2368 petris

101 2395 178 2448 ‘osb
219 2392 286 2448 Nec
310 2409 364 2449 vos
383 2394 466 2449 adeo·
481 2392 597 2465 iniquos
612 2392 821 2458 existimemus,
841 2397 873 2449 nt
885 2393 973 2450 inter·

100 2490 169 2548 ‘lici
183 2507 201 2547 s
216 2490 299 2547 nobis
313 2497 460 2565 parentes,
479 2493 589 2557 lrstres,
611 2491 717 2549 liberos
736 2497 849 2549 nostros
863 2490 969 2549 velitis.

102 2589 262 2662 ‘Vectigal
278 2595 407 2651 ctonern
426 2589 666 2647 commerciorum
680 2590 861 2649 resolvimus.
903 2589 970 2647 Sint
1038 2647 1042 2652 .

60 2762 62 2769 s
103 2688 460 2758 ‘lrsnsilosincuslodili3
481 2689 532 2745 sed
545 2688 641 2746 diurni
655 2694 687 2746 et
709 2688 856 2747 inermes:
876 2690 971 2751 dobeo

103 2793 206 2844 ‘nous
219 2793 251 2844 et
272 2787 401 2844 recentia
415 2787 476 2844 iuro
502 2787 532 2844 in
562 2792 737 2846 vetustatem
761 2788 971 2847 consuetudine

103 2890 282 2942 ‘verlanton
326 2886 474 2943 Arbitrum
502 2885 673 2943 babebimus
688 2886 817 2945 Civilem
831 2891 861 2942 et
884 2886 971 2942 Vele-

104 2986 203 3054 ιιίειῐιι,
238 2986 313 3057 apud
344 3002 414 3058 qnos
447 2991 534 3057 pects
560 2982 746 3042 sancientes!
807 2983 858 3039 Sic
873 2983 970 3041 lenitis

106 3083 276 3151 Tencteris,
296 3084 433 3157 legetisd
449 3083 578 3141 Civilem
592 3088 622 3140 et
636 3082 782 3139 Veledam
801 3080 883 3137 missi
904 3097 971 3138 cum

103 3182 199 3248 donis,
232 3187 340 3239 cuncto
366 3199 405 3239 ex
433 3184 586 3239 voluntate
625 3178 883 3254 Agrippinensium
911 3196 971 3250 per·

104 3286 268 3354 petissere.
311 3281 371 3339 Sed
399 3298 497 3338 corsrn
527 3281 607 3338 edire
631 3277 802 3352 adloquique
825 3276 972 3335 Veledam

103 3386 251 3454 negatum.
303 3381 487 3438 Arcebsntur
527 3380 677 3451 adspectu,
696 3393 753 3451 quo
777 3375 973 3437 venerationis

104 3482 169 3554 plus
196 3480 317 3538 inesset.
373 3480 441 3553 Ipso
484 3478 563 3535 editu
596 3478 628 3535 in
663 3483 761 3534 turre:
794 3478 925 3534 delectus
954 3495 972 3532 e

104 3577 272 3656 propinquis
308 3579 443 3644 consults
465 3592 680 3670 responsaque,
711 3583 744 3637 ot
779 3573 973 3639 internuntius
