2509 4292
214 330 263 401 38
395 400 400 409 ,
575 339 762 402 anurnrvm
942 337 973 386 a.
989 337 1018 386 v.
1035 337 1088 385 ars.

214 518 297 571 ‘msa
310 502 436 568 enituit?
449 501 512 561 Vbi
522 504 568 559 est
578 498 692 557 animus
703 498 765 565 ille,
773 492 898 555 modicis
908 488 1090 551 contentus?
1103 518 1107 525 ·
1202 531 1209 549 .

213 610 328 671 ‘Tales
341 608 439 664 hortos
452 600 578 667 instruit,
591 603 621 656 et
635 615 687 672 per
697 597 772 653 haec
786 595 951 665 suburbana
965 589 1090 655 incedit,
1101 609 1106 627 ·

213 713 263 769 ‘et
275 706 365 769 tantis
379 718 510 780 agrorum
523 697 635 773 spatiis,
654 701 716 753 tam
728 670 789 751 lato
807 693 907 750 tenore
922 692 1066 748 exuberat
1076 684 1105 744 i·

214 803 444 867 ‘Vnadesensio
453 798 589 863 occurrit,
597 795 673 872 quod
685 792 850 855 muneribus
862 792 919 848 tuis
924 788 1020 848 obniti
1029 804 1090 846 non
1102 816 1106 827 ι

160 900 329 966 ct‘denut.
371 902 432 961 Sed
454 903 574 973 uterque
597 910 763 953 mensurum
776 890 974 965 implevimus,
994 894 1027 945 et
1045 891 1107 954 tu,·

160 1055 165 1061 .
215 1009 371 1084 ‘quantum
396 1000 538 1073 Princeps
565 995 691 1054 tribuere
718 991 815 1050 amieo
842 993 950 1064 posset,
969 992 1001 1045 et
1021 1004 1106 1061 ego,¹

216 1108 374 1183 ‘quantum
388 1098 498 1159 amicus
513 1114 531 1154 a
551 1095 692 1168 Principe
705 1092 851 1164 accipere.
892 1089 1000 1149 Cetera
1013 1086 1106 1143 invi·
1185 1157 1194 1169 ·

133 1210 141 1220 ‘
217 1205 316 1264 ‘diam
329 1206 445 1277 augeat.
466 1182 541 1274 quae
552 1196 680 1273 quidem,
690 1199 723 1252 ut
736 1192 836 1251 omnia
855 1188 1000 1256 mortalia,
1015 1187 1106 1245 int'ra·

217 1310 317 1365 ‘tuam
342 1298 573 1376 magnitudinem
596 1295 714 1364 iacent3
733 1292 785 1351 sed
809 1290 882 1348 mitri
895 1289 1091 1347 incumbunt:

218 1403 310 1464 ‘mihi
322 1399 556 1461 subveniendum
565 1401 619 1454 est.
637 1392 782 1469 quomodo
794 1389 827 1448 in
842 1388 957 1456 militia,
970 1391 1022 1445 aut
1031 1386 1106 1454 via‚·

219 1504 330 1563 ‘tessus
353 1498 562 1560 adminiculum
588 1509 721 1561 orarem;
755 1493 807 1559 ita,
833 1489 866 1546 in
893 1488 950 1545 hoo
983 1485 1092 1544 itinere

220 1609 229 1637 ⁴
244 1602 335 1669 vitae,
348 1616 451 1666 senex,
464 1601 496 1655 et
509 1593 666 1653 levissimis
686 1608 799 1666 quoque
819 1589 896 1647 curis
910 1571 1011 1662 inpar(
1025 1605 1094 1647 cum

115 1713 122 1720 ’
220 1708 311 1775 ‘opes
324 1713 405 1758 meas
425 1697 500 1753 ultra
523 1692 667 1752 sustinere
690 1708 750 1747 non
775 1688 893 1763 possim,
916 1687 1110 1763 praesidium

221 1802 319 1873 ‘peto
360 1796 432 1855 lube
446 1809 497 1853 eas
510 1809 561 1866 per
583 1792 788 1849 Procuratores
802 1794 869 1846 tuos
890 1786 1097 1853 administrari,

223 1898 274 1956 ‘in
288 1902 369 1955 tuam
391 1894 535 1952 fortunam
558 1889 660 1962 recipi.
701 1890 768 1947 Nec
789 1905 835 1946 me
849 1887 881 1946 in
896 1892 1099 1960 paupertatem

225 1998 307 2072 ‘ipse
319 1994 491 2061 detrudam
511 1990 563 2048 sed
590 1989 714 2059 traditis,
737 2003 858 2063 quorum
881 1988 992 2061 fulgore
1017 2003 1101 2061 prae·

226 2096 379 2170 ‘stringon
391 2094 467 2171 quod
482 2089 619 2165 temporis
633 2090 781 2146 hortorum
794 2094 845 2145 aut
858 2086 994 2146 villarum
1008 2103 1098 2144 curae

227 2195 403 2271 ‘sepositum
437 2193 469 2251 in
501 2189 631 2249 animum
664 2187 818 2246 revocabo.
870 2186 1022 2260 Superest·
1044 2184 1113 2243 tibi

228 2296 341 2362 ‘roban
367 2297 399 2351 et
422 2295 467 2351 tot
494 2308 545 2364 per
569 2284 661 2347 annos
685 2286 789 2344 nixum
810 2285 927 2359 fastigio
947 2286 1080 2360 regimen
1093 2305 1112 2342 z·

228 2401 399 2469 ‘possumus
423 2389 552 2446 seniores
577 2387 666 2445 amici
686 2384 782 2459 quieti
804 2386 990 2458 respondere.
1032 2387 1099 2444 Hoc

126 2515 130 2527 ¹
229 2497 362 2568 ‘quoque
375 2488 407 2547 in
421 2492 501 2545 tuam
515 2485 636 2560 gloriam
656 2485 751 2552 cedet,
771 2500 822 2541 eos
843 2485 882 2542 cd
904 2502 1017 2543 summa
1032 2503 1104 2544 vex·

177 2589 308 2667 55‘iase
319 2587 370 2663 qui
394 2585 555 2648 etmodioa
579 2581 761 2643 tolerarent!
796 2583 847 2641 Ad
861 2600 936 2658 quae
957 2584 1040 2641 Nero
1060 2584 1106 2643 sic

231 2690 322 2749 terme
330 2685 494 2761 respondit:
510 2690 517 2717 ‘
531 2684 615 2757 Quod
628 2683 785 2740 meditatae
795 2681 921 2741 orationi
929 2688 997 2741 tuae
1005 2684 1107 2742 statim

233 2794 412 2857 ‘occurram
425 2785 457 2844 id
471 2784 593 2860 primum
607 2777 649 2839 tui
663 2782 790 2842 muneris
803 2782 910 2850 habeo,
923 2781 973 2858 qui
986 2798 1115 2842 menon·

235 2891 368 2945 ‘tantum
401 2884 545 2960 praevisa,
577 2882 629 2939 sed
662 2881 758 2939 subita
790 2882 929 2956 expedire
969 2883 1106 2941 docuisti.

237 2988 382 3048 ‘Abavus
406 3001 496 3049 meus,
521 2983 680 3055 Augustus,
708 2979 858 3055 Agrippae
878 2986 910 3037 et
934 2978 1109 3040 Maecenati

240 3093 394 3159 ‘usurpare
417 3084 509 3142 otium
535 3085 599 3156 post
625 3082 739 3137 labores
766 3078 933 3137 concessit:
952 3081 1052 3138 sedin
1072 3098 1109 3139 ea

239 3186 324 3261 ‘ipsa
337 3189 443 3249 aetate,
463 3181 544 3239 cuius
558 3179 715 3240 auctoritas
735 3183 871 3249 tueretur,
884 3176 1022 3253 quidquid
1037 3181 1111 3239 illud

247 3290 297 3344 ‘et
321 3285 528 3359 qualecumque
551 3278 714 3337 tribuisset:
734 3283 864 3338 attamen
888 3283 1023 3341 neutrum
1037 3280 1114 3339 datis

244 3390 327 3443 ‘ass
342 3379 476 3457 praemiis
490 3378 581 3437 exuit.
622 3379 710 3436 Bello
723 3382 753 3436 et
766 3377 904 3451 periculis
924 3385 1112 3439 meruerant:

245 3482 297 3540 ‘in
307 3482 352 3539 his
366 3481 444 3537 enim
458 3477 579 3537 iuventa
594 3476 721 3551 Augusti
736 3482 852 3535 versata
865 3481 920 3535 est.
961 3478 1031 3536 Nec
1042 3478 1116 3537 mihi

244 3582 326 3647 ‘tela
336 3586 367 3641 et
380 3594 481 3639 manus
495 3581 561 3637 tuae
574 3574 742 3648 doluissent,
755 3576 786 3635 in
800 3576 888 3636 armis
901 3575 1012 3655 agenti.
1054 3577 1116 3637 Sed
