2509 4292
286 290 334 361 95
608 306 791 355 unnmrvu
1010 309 1040 356 n.
1056 307 1088 356 v.
1105 303 1173 359 ara:

284 464 328 523 ati
360 461 470 520 dehinc
498 460 666 520 ‘Pribunatu
694 461 860 533 Pompeius.
893 459 1049 518 cometiae
1079 460 1159 519 Mar·

283 561 372 627 tialis,
388 561 508 619 Flavius
524 562 633 633 Nepos,
655 561 765 617 Statius
781 560 948 627 Domitium
961 557 1054 636 qaum,
1070 558 1159 616 Prias-
1214 634 1219 640 ἰ

285 656 439 737 cipemaoa
461 657 570 735 quidem
593 657 723 725 adinum
743 656 794 715 ned
810 663 902 715 tuanen
920 656 1159 715 existimaremur.

286 758 388 816 Novio
416 758 525 821 Prisco,
553 775 603 829 per
627 758 789 815 amicitiam
824 759 967 821 Senecae,
1002 762 1033 813 et
1061 755 1161 812 Glitio

287 856 376 913 Gallo
395 861 480 929 atque
509 854 608 912 Annio
628 856 767 919 Pollioni,
787 855 934 912 infamatis
954 854 1057 927 magis,
1070 868 1176 928 quam*

286 954 441 1018 convictis,
464 954 532 1009 data
556 954 670 1011 exsilia.
712 955 843 1011 Priscum
871 953 1002 1026 Antonia
1027 953 1159 1010 Placilla

286 1053 414 1110 coniunx
438 1052 577 1110 comitata
600 1060 664 1110 est:
686 1053 805 1110 Gallum
827 1052 955 1126 Egnatia
980 1050 1160 1120 Maximilla,

286 1151 399 1224 magnis
427 1151 550 1222 primum
576 1158 606 1208 et
634 1152 755 1226 integris
777 1151 890 1224 opibus,
913 1158 978 1223 post
1000 1151 1160 1221 ademptis.
1240 1184 1241 1189 κ

287 1265 360 1322 quae
381 1255 499 1323 utraque
520 1250 641 1324 gloriam
663 1250 727 1306 eiua
741 1267 857 1306 auxere.
899 1249 1023 1306 Pellitur
1044 1254 1075 1304 et
1100 1249 1162 1306 Ru·

287 1346 341 1402 fius
365 1347 525 1420 Crispinus,
550 1349 706 1406 occasione
727 1348 945 1411 coniurationis.
968 1349 1021 1403 sed
1044 1347 1161 1405 Neroni

288 1444 412 1511 invisus,
437 1448 513 1519 qnod
549 1447 713 1519 Poppaeam
740 1449 885 1520 qnondam
910 1445 1096 1502 matrimonio
1117 1451 1161 1502 ta·
1240 1498 1241 1501 ,

289 1549 400 1600 naerat.
434 1544 600 1618 virginium
631 1546 774 1602 Flaccum
794 1550 825 1601 et
853 1546 1020 1602 Musonium
1051 1544 1162 1604 Rufum

289 1641 432 1699 claritudo
459 1643 585 1699 nominis
613 1643 734 1715 expulit.
777 1645 854 1701 Nam
883 1645 1042 1718 Verginius
1061 1646 1163 1702 studia

290 1737 429 1796 iuvenum
442 1741 618 1813 eloquentia,
645 1742 795 1800 Musonius
810 1740 971 1814 praeceptis
984 1743 1162 1815 sapientiae,

290 1837 417 1894 fovebat.
467 1839 646 1895 Cluvidieno
671 1841 788 1911 Quieto,
812 1841 889 1898 lulio
918 1840 1076 1915 Agrippae,
1098 1841 1162 1898 Bli-

291 1937 333 1995 tio
360 1936 506 2003 Catulino,
534 1936 673 1995 Petronio
700 1938 810 2001 Prisco,
835 1938 914 1996 lulio
942 1938 1054 2006 Altino,
1075 1941 1162 1997 velut

290 2035 321 2093 in
343 2053 446 2110 agmen
469 2040 499 2091 et
523 2053 682 2101 numerum,
705 2037 817 2110 Aegaei
845 2039 931 2094 maris
959 2037 1072 2095 insulae
1098 2056 1163 2111 per·

291 2134 453 2191 mittuntur.
510 2136 550 2191 At
584 2135 716 2200 Gallicis,
738 2152 811 2192 uuor
839 2136 972 2203 Scevini,
996 2142 1026 2193 et
1051 2137 1162 2195 Caeso·
1240 2168 1241 2187 κ

291 2230 358 2289 nius
387 2232 543 2298 Maximus,
571 2233 658 2289 ltalia
683 2233 877 2305 prohibentur,
912 2252 973 2292 reos
1000 2234 1089 2292 luisse
1116 2253 1163 2306 se,

293 2335 404 2386 tantum
430 2348 522 2401 poena
546 2332 671 2403 experti.
713 2330 814 2398 Atilia,
839 2338 931 2388 mater
957 2334 1074 2390 Annaei
1103 2336 1163 2392 Lu·
1240 2314 1241 2319 ἵ

292 2427 369 2491 cani,
396 2425 459 2483 siue
493 2429 684 2497 absolutione,
704 2430 768 2486 sine
794 2430 946 2503 supplicio,
968 2431 1161 2491 dissimulata.

239 2515 282 2587 {2
294 2523 404 2593 Quibus
432 2525 601 2596 perpetratis
632 2528 721 2589 Nero,
740 2533 770 2584 el
797 2530 938 2587 concione
961 2531 1084 2586 militum
1111 2531 1175 2587 lra·'
1240 2550 1241 2607 l

294 2620 363 2683 bita,
393 2621 460 2676 bina
480 2640 597 2680 numum
622 2625 715 2683 millia
733 2607 845 2684 uiritim
867 2629 1093 2700 manipularibus
1116 2630 1163 2687 di·

293 2716 374 2783 visit,
406 2719 543 2792 additque
575 2722 640 2779 sine
668 2724 760 2797 pretio
786 2726 969 2791 frumentum,
1002 2722 1058 2801 quo
1088 2728 1174 2785 aare*
1240 2758 1241 2763 κ

293 2833 331 2872 ex
366 2818 452 2873 modo
478 2837 611 2877 annonae
640 2827 801 2880 utebantur.
856 2825 945 2892 Tum,
968 2829 1049 2898 qrrasi
1076 2832 1164 2900 gesta

185 2914 188 2921 '
295 2915 372 2972 bello
386 2917 577 2988 expositurus,
599 2925 687 2976 vocat
708 2922 848 2980 Senatum
867 2931 898 2980 et
918 2923 1089 2996 triumphale
1110 2929 1163 2984 de·

174 3028 184 3043 ¹
295 3032 347 3073 cus
363 3015 501 3073 Petronio
517 3017 692 3089 Turpiliano
706 3020 867 3088 consulari,
888 3023 1018 3080 Cocceio
1039 3025 1162 3083 Nervae
1240 3068 1241 3071 ,

295 3113 428 3171 Praetori
455 3114 616 3188 designato,
639 3117 803 3190 Tigellino,
833 3120 984 3177 Praefecto
1008 3103 1163 3192 Praetorii,
1240 3152 1241 3183 1

296 3212 414 3280 tribuit3
435 3212 615 3283 'ligetttnum
630 3222 658 3270 et
675 3217 805 3273 Nervam
825 3219 866 3275 ita
877 3221 1033 3287 extollens,
1053 3229 1094 3289 ut,
1115 3240 1162 3279 su-

296 3327 348 3384 per
361 3302 548 3378 triumphales
563 3312 592 3369 in
607 3314 668 3369 loro
680 3313 830 3389 imagines,
849 3319 924 3390 apud
941 3319 1081 3390 palatium
1093 3338 1163 3394 qun

295 3425 350 3481 que
383 3409 493 3482 effigies
530 3429 627 3468 eorum
655 3413 779 3471 sisteret.
834 3417 1006 3475 consularia
1033 3417 1163 3494 insignia

325 3559 411 3606 caerae
421 3559 518 3623 Nersae]
548 3566 630 3614 Postea
641 3567 793 3617 lurraarorr.
