2509 4292
296 306 370 379 226
598 322 852 380 attenuarentur
1016 338 1050 381 aa
1060 331 1094 380 v.
1109 328 1165 383 aaa

294 487 408 545 clamor
437 490 468 543 et
498 486 631 560 gemitus.
670 486 738 543 Nec
756 483 941 543 Praetutiani
960 489 1085 555 tantum,
1106 502 1169 558 pro·

296 584 376 660 prins
390 585 515 643 Othonis
528 586 621 653 miles,
634 585 685 642 sed
696 584 844 657 praemissi
858 603 875 641 e
891 566 1012 656 Moesia,
1022 590 1031 618 ⁸
1040 586 1169 642 eandenr

298 685 543 743 ‘obstinationem
557 684 743 741 adventantis
757 683 914 748 exercitus,
929 682 1061 756 legiones
1077 683 1169 758 Aqui·

297 784 404 842 ‘teiam
436 781 599 858 ingressas,’
642 783 824 841 nuntiabant.
858 787 889 840 ut
922 799 1008 840 nemo
1042 783 1168 852 dubitet,

299 883 427 958 potuisse
450 881 585 938 renovari
613 883 722 940 bellum
749 887 842 949 atrox,
873 883 1000 955 lugubre,
1020 881 1168 939 incertum

245 969 287 1034 ll
300 981 388 1038 victis
407 988 437 1037 et
458 979 626 1038 victoribus·
668 981 737 1055 lpse
752 997 907 1038 aversusa
926 979 1061 1037 conciliis
1088 979 1168 1049 belli,

299 1077 415 1145 ‘huno’
434 1078 536 1153 inquit,
550 1080 689 1145 animum,
705 1080 780 1136 hanc
794 1078 931 1135 virtutem
944 1084 1075 1135 vestram
1092 1080 1168 1136 ultra

295 1184 305 1211 ⁴
319 1177 455 1251 periculis
469 1178 607 1244 obiicere,
622 1177 710 1234 nimis
724 1174 834 1251 grande
848 1177 926 1234 vilae
941 1193 1025 1234 meae
1039 1176 1166 1248 pretium

297 1280 306 1308 ⁴
314 1279 392 1348 puto.
435 1276 553 1347 Quanto
565 1276 630 1348 plus
644 1275 706 1347 spei
726 1275 889 1341 ostenditis,
902 1275 928 1331 si
943 1273 1046 1331 vivere
1068 1276 1166 1347 place·

297 1378 370 1437 ‘ret,
392 1379 475 1430 tanto
501 1372 646 1446 pulchrior
673 1388 749 1429 mora
776 1372 840 1429 erit.
889 1372 1013 1445 Experti
1032 1371 1167 1430 invicem

297 1474 420 1535 ‘sumna
435 1490 490 1545 ego
503 1490 539 1529 ac
560 1473 700 1530 Fortuna.
716 1488 770 1528 nec
785 1476 897 1543 lempna
913 1473 1167 1544 computaveritie.
1212 1528 1219 1545 ,

298 1570 464 1627 ‘difficilius
488 1576 532 1627 eet
547 1576 706 1643 temperare
725 1568 870 1636 felicitati,
884 1551 983 1642 quate
997 1584 1057 1626 non
1081 1576 1167 1642 putee

298 1667 367 1724 ‘diu
388 1684 512 1725 usurum.
554 1664 655 1726 Civile
669 1670 775 1725 bellurn
789 1686 807 1724 a
820 1666 947 1724 Vitellio
959 1664 1068 1739 coepit,
1082 1672 1123 1734 et,
1134 1671 1170 1726 nt

299 1770 353 1826 ‘de
368 1769 537 1841 Principatu
560 1775 735 1825 certaremus
750 1767 846 1832 armis,
868 1765 985 1823 initium
1005 1755 1067 1822 illic
1088 1765 1166 1822 suit:

301 1874 357 1925 ‘ne
379 1871 528 1941 plusquam
551 1868 642 1923 semel
661 1874 813 1932 certemus,
833 1882 923 1936 penes
937 1881 984 1921 me
997 1866 1170 1937 exemplum

302 1967 383 2024 ‘'erit.
405 1967 475 2023 hinc
502 1966 649 2022 Othonem
677 1964 829 2037 posteritas
855 1963 998 2020 aestimet.
1041 1964 1170 2021 Frnetur

300 2065 462 2122 ‘Vitellius
475 2063 570 2131 tratre,
582 2063 717 2137 coniuge,
740 2062 854 2119 liberis:
875 2062 946 2119 mihi
968 2078 1027 2118 non
1042 2061 1168 2130 ultione,
1222 2056 1223 2061 ’

301 2170 412 2238 ‘neque
425 2163 537 2220 solatiis
550 2179 621 2235 opus
642 2169 695 2221 est.
738 2162 802 2245 Alii
825 2161 931 2218 diutius
951 2160 1109 2233 Imperium
1124 2165 1168 2219 te·

299 2263 452 2321 ‘nuerintz
496 2278 583 2319 nemo
606 2266 666 2318 tam
692 2260 804 2318 sortiter
830 2259 987 2334 reliquerit.
1029 2261 1079 2317 An
1111 2276 1170 2334 ego

298 2363 428 2418 ‘mutum
443 2362 488 2418 Ro
518 2379 592 2418 anae
604 2360 696 2433 punis,
705 2367 746 2417 tot
760 2360 890 2435 egregiae
905 2358 1059 2425 exercitus,
1072 2358 1167 2415 eterni

299 2462 420 2525 ‘rutena
434 2470 464 2517 et
507 2458 670 2531 eipublioae
684 2459 758 2533 eripi
771 2455 887 2532 patiar?
908 2458 965 2515 Eat
984 2458 1034 2515 iric
1049 2474 1167 2515 mecum

243 2541 245 2545 ’
300 2558 441 2623 ‘animoa
455 2564 600 2632 tamquam
614 2557 734 2630 perituri
757 2575 807 2630 pro
821 2574 867 2614 me
887 2555 1007 2615 fueritis.
1028 2558 1079 2614 sed
1100 2561 1168 2613 este

285 2652 496 2724 ·⁰snperstites.
517 2673 573 2713 nec
596 2655 646 2712 din
674 2672 824 2721 moremur,
850 2674 908 2731 egu
932 2656 1168 2714 incolumitatem

286 2756 308 2783 '¹
320 2758 455 2818 vestram,
471 2770 523 2810 vos
542 2754 739 2811 constantiam
761 2772 863 2811 meam.
907 2754 990 2811 Plura
1014 2753 1051 2807 de
1064 2758 1167 2809 extre·

298 2849 371 2907 ‘mis
387 2852 473 2926 loqui,
487 2869 552 2925 pare
565 2852 703 2927 ignaviae
718 2858 771 2908 est.
792 2852 976 2926 praecipuum
992 2848 1167 2909 destlnatio-

299 2950 362 3008 ‘nis
376 2968 458 3008 meae
478 2952 684 3009 documentum
700 2953 814 3019 habete,
827 2953 903 3026 quod
916 2954 953 3008 de
968 2950 1084 3009 nemine
1097 2966 1167 3026 que·

299 3056 373 3108 ‘roc
394 3068 460 3108 nam
475 3051 608 3108 incusare
632 3051 713 3107 Deua
730 3052 778 3107 vel
798 3051 939 3111 hominen,
963 3050 1026 3104 eius
1040 3057 1094 3112 eat,
1114 3047 1165 3122 qni

298 3150 419 3207 ‘vivere
440 3148 532 3205 velit-⁹
572 3148 662 3204 'I'atia
689 3148 811 3213 locutus,
833 3154 863 3204 nt
884 3145 989 3218 cuique
1013 3153 1094 3202 aetna
1114 3150 1165 3204 aut

298 3247 434 3321 dignitas,
448 3246 570 3303 comiter
593 3235 763 3318 adpretiatus,
776 3243 847 3301 irent
868 3260 993 3322 propere,
1011 3261 1066 3301 neo
1078 3256 1165 3301 rouo
1222 3278 1223 3333 ἦ

246 3347 287 3405 ta
299 3344 387 3404 nendo
409 3342 484 3401 iram
503 3342 615 3402 uictoris
638 3332 810 3420 deperarent.
831 3343 957 3399 invenes
976 3338 1166 3412 auctoritate,

328 3497 419 3545 Cleant·
433 3497 570 3558 atterritus]
601 3497 725 3544 cunerem
743 3495 844 3555 intellige
860 3496 1000 3549 laetantium,
1018 3496 1057 3542 ubi
1072 3497 1168 3543 flexam

298 3557 393 3624 vultam,
408 3562 513 3615 tanquam
527 3557 670 3603 obsecuturus
686 3556 781 3625 militum
795 3554 887 3623 etudiir3
907 3555 1023 3611 guantum,
1034 3556 1167 3615 dolmtim,
1222 3578 1223 3583 ¹

299 3612 893 3704 commmatanqnammsmrmrnpropouto
901 3617 968 3661 muta
998 3613 1062 3666 am.
1133 3674 1140 3683 ·
