2509 4292
310 260 380 329 354
615 272 868 322 nrsronrsavrs
1033 278 1060 322 s.
1078 272 1109 318 v.
1126 270 1184 319 aaa.

307 432 388 497 bana
417 434 496 488 ‘non
521 447 554 487 sa
582 431 653 488 ultra
682 429 797 493 tamem,
838 426 959 484 insidias
986 425 1182 499 legatorum,

307 526 518 586 ‘toleraturos‘
566 529 617 594 At,
651 528 699 602 qui
728 531 935 593 remanserant,
955 526 1103 580 ‘desertos
1132 541 1183 590 se,

308 628 455 683 ‘sununs
489 634 567 699 parte
603 623 767 699 legionum?
799 626 1000 698 querebantur.
1052 621 1181 693 Duplex

309 723 380 781 hinc
393 724 521 792 seditio,
542 720 607 779 aliis
635 723 840 782 reuocantibus
867 722 1025 784 Voculam,
1046 719 1112 775 aliis
1135 737 1181 774 re·

257 812 371 879 dedite
385 823 414 878 in
428 830 522 878 castra
540 820 743 877 abnuentibus.
785 820 905 875 Interim
930 819 1038 875 Civilis
1063 818 1181 873 Vetera

308 919 502 977 circumsedit.
543 920 660 976 Vocula
685 919 848 975 Geldubam
868 925 954 990 atque
975 917 1044 972 iude
1071 917 1175 972 Nove·
1244 960 1245 963 ,

308 1017 383 1074 sium
411 1017 567 1074 concessit.
619 1016 727 1074 Civilis
761 1015 840 1089 capit
864 1017 1037 1072 Geldubam.
1093 1013 1181 1080 Mox,
1244 1088 1245 1095 ἵ

308 1115 499 1188 iraudprocul
519 1115 661 1178 Novesio
681 1117 807 1189 equestri
828 1115 938 1187 proelio
952 1131 1087 1186 prospere
1116 1129 1180 1167 cer·
1244 1098 1245 1163 i

308 1214 392 1271 lavit.
435 1213 495 1270 Sed
517 1214 600 1271 miles
623 1216 761 1270 secundis
785 1213 972 1286 adversisque
1001 1211 1152 1284 perinde
1141 1228 1178 1267 sn

307 1311 430 1368 exitium
445 1312 560 1369 Ducum
575 1313 798 1370 accendebatur.
839 1312 878 1367 Et
905 1313 1035 1367 adventu
1061 1310 1177 1382 quinta·
1244 1314 1245 1381 t

308 1426 408 1468 uorum
431 1410 804 1484 quintadecimanorumque
831 1417 935 1466 auctae
964 1409 1103 1482 legiones,
1130 1406 1177 1463 da·

307 1505 431 1565 saliuam
457 1514 630 1582 exposcunt,
650 1516 806 1581 comperto,
840 1508 1024 1582 pecuniama
1046 1506 1178 1563 Vitellio

309 1606 436 1665 missam.
493 1608 558 1663 Nec
582 1608 631 1664 diu
657 1612 811 1664 cunctatus
848 1605 1029 1662 Hordeonius
1054 1605 1177 1661 nomine
1243 1614 1246 1641 t

310 1704 486 1776 Vespasiani
500 1705 589 1761 dedit.
632 1706 722 1779 quue
737 1703 924 1777 praecipuum
945 1703 998 1759 luit
1019 1702 1176 1760 seditionis

307 1801 486 1858 alimentum.
527 1801 665 1858 Effusiin
694 1805 792 1859 luxum
820 1807 850 1858 et
871 1803 980 1875 epulas,
1000 1807 1030 1856 el
1057 1808 1177 1856 noctur·
1244 1860 1245 1865 χ

307 1914 360 1957 uos
373 1907 484 1965 coetus,
504 1907 633 1956 veterem
655 1899 685 1956 in
703 1900 901 1956 Hordeonium
925 1899 997 1955 iram
1019 1905 1175 1955 renovant.
1244 1954 1245 1957 ,

307 2012 363 2054 uec
378 1998 437 2054 ullo
463 1998 637 2071 Legatcmm
664 1998 900 2054 Tribunummve
926 1984 1064 2052 obsistere
1092 2013 1176 2064 auso,
1244 1982 1245 2005 ¹

306 2090 426 2169 (quippe
439 2112 555 2150 omnem
584 2096 721 2165 pudorem
738 2110 795 2149 nox
811 2092 972 2166 ademerat)
992 2100 1174 2168 protractum

306 2192 430 2249 ecubili
445 2191 631 2249 interficiunt.
677 2191 789 2247 Eadem
812 2191 843 2247 in
861 2191 1005 2247 Voculam
1032 2192 1175 2262 paraban-
1244 2196 1245 2211 ¹

304 2291 358 2352 tur,
380 2289 435 2347 nisi
448 2291 548 2347 serviti
562 2288 670 2354 habitu,
691 2306 743 2361 per
756 2289 898 2354 tenebras,
918 2288 1064 2359 ignoratus
1100 2305 1172 2345 eva·

266 2420 270 2429 ι
304 2384 399 2442 sisset.
441 2387 512 2455 Vbi,
526 2389 627 2445 sedato
648 2387 759 2460 inpetu,
787 2385 879 2444 metus
894 2387 997 2444 rediit:
1019 2387 1175 2443 Centurio·

305 2501 358 2540 nes
385 2502 452 2543 cum
477 2485 609 2559 epistolis
633 2485 670 2541 ud
697 2484 835 2542 civitates
863 2485 1025 2541 Galliarum
1054 2483 1171 2553 misere,

254 2570 415 2638 disuxilia
438 2599 474 2638 ac
495 2582 640 2653 stipendis
666 2589 803 2640 oraturos.
821 2640 824 2646 ,
845 2582 915 2655 ipsi,
946 2590 978 2640 ul
999 2590 1042 2640 est
1064 2586 1170 2657 vulgus

304 2677 368 2734 sine
393 2686 504 2734 rectore
519 2697 668 2752 praeceps,
688 2680 835 2753 pavidum,
856 2697 964 2748 socors,
987 2683 1169 2738 adventante

304 2772 413 2841 Civile,
439 2774 527 2848 raptis
553 2781 662 2833 temere
689 2779 777 2836 armis
803 2795 837 2835 ac
864 2778 963 2836 statim
984 2779 1107 2844 omissis,
1135 2779 1169 2837 in

303 2871 400 2945 lugam
411 2879 570 2932 vertuntur.
604 2875 664 2932 Res
678 2877 819 2934 adversae
829 2876 1004 2934 discordiam
1020 2895 1171 2950 peperere,

304 2972 351 3037 iis,
371 2973 420 3046 qui
442 2991 459 3029 a
485 2972 631 3047 superiore
657 2975 788 3032 exercitu
815 2980 908 3042 erant,
929 2993 1062 3033 caussam
1086 2968 1193 3033 suam

303 3071 536 3139 dissociantibus.
577 3072 696 3130 Vitellii
724 3079 821 3130 tamen
837 3073 987 3147 imagines,
1002 3075 1034 3129 in
1061 3074 1168 3131 castris

303 3175 395 3243 etper
408 3170 551 3242 proximas
576 3171 731 3245 Belgarum
749 3170 896 3245 civitates,
918 3171 1074 3243 repositae,
1099 3189 1167 3229 cum

299 3268 360 3325 ism
374 3268 513 3324 Vitellius
526 3268 692 3326 occidisset.
734 3269 813 3326 Dein
828 3268 930 3325 mutati
956 3270 987 3325 iu
1012 3270 1168 3340 poeniten·

222 3405 225 3408 ⁴
301 3365 372 3424 tiam
387 3364 507 3437 primani
535 3367 723 3440 quartanique
745 3373 775 3425 el
799 3368 1084 3433 duodevicesimam.
1105 3371 1168 3428 Vc-

301 3466 397 3520 culum
407 3470 581 3537 sequuntur:
602 3468 678 3540 apud
702 3484 788 3541 quem
814 3473 960 3540 resumpto
984 3467 1170 3544 Vespasiani
