2509 4292
126 383 260 435 meru
404 381 474 435 ula.
500 380 534 434 v.
584 386 663 434 ese.
689 367 724 434 7.
751 366 785 434 8.
923 368 997 438 409

124 536 296 605 adolevere,
315 540 379 594 ulra
401 536 545 597 elinanis
570 539 653 610 uelut
673 537 705 596 in
731 540 861 599 einerem
891 559 997 601 sanes

121 639 208 693 eunt.
248 635 323 708 Ego,
342 633 417 692 sieut
431 635 548 694 inolitas
572 638 716 712 quondam
738 639 821 696 urbes
839 638 908 713 igne
931 657 996 699 eoe-

122 718 200 793 lesli
222 733 357 808 flagrasse
380 735 585 803 conoesserim,
615 735 659 793 ita
684 735 776 794 halitu
803 739 883 796 laeua
913 738 998 797 intiei

64 850 70 858 ·
124 836 246 898 tersum,
265 833 417 906 eonrumpi
430 835 609 907 superfusum
636 833 776 907 spiritum,
796 837 995 910 eoqueloetus

123 935 260 1003 segetum
273 935 305 987 et
327 930 456 987 autumni
471 937 649 1004 putreseere
675 950 747 1000 reor,
769 936 833 990 solo
853 936 994 1010 coeloque

124 1029 214 1088 iuxta
226 1028 318 1103 gravi.
358 1031 399 1088 ut
412 1030 603 1089 Belusamnls
617 1031 739 1090 ludaico
752 1032 825 1090 mari
837 1033 994 1091 inlabitur:

123 1127 211 1186 eirea
233 1128 314 1185 euius
334 1145 367 1185 os
387 1122 541 1187 e'ouleetae
567 1146 683 1195 arenas,
703 1131 835 1188 admisto
855 1131 944 1199 nitro,
962 1131 995 1189 iu

124 1223 239 1283 vitrum
262 1233 469 1301 excoquuntur,
490 1227 635 1286 modieum
659 1228 689 1286 id
703 1227 772 1285 litus
795 1234 826 1286 et
852 1228 995 1303 egerenti·

125 1300 421 1385 eustasianorum.
595 1372 599 1379 .

172 1420 281 1497 Magna
306 1440 372 1495 pars
400 1422 526 1480 Iudaeae
543 1423 615 1480 sicis
629 1423 813 1498 dispergitur.
831 1425 940 1483 babent
965 1416 1023 1482 etti

122 1519 243 1593 oppida.
285 1520 490 1594 Hierosolyma
515 1520 598 1595 genti
611 1527 708 1594 eaput.
752 1522 819 1578 illie
838 1523 989 1581 inmensae

124 1617 295 1690 opulentiae
305 1621 452 1690 templum,
466 1624 496 1676 et
515 1617 615 1691 primis
627 1617 814 1675 munimentis
829 1621 902 1687 urbs,
922 1620 992 1677 dein

123 1716 231 1790 Regia.
252 1718 391 1790 templum
403 1716 515 1774 intimis
525 1718 663 1774 olausuns.
674 1716 712 1773 ad
732 1715 929 1794 ierestuutum
946 1717 991 1797 [ψ

120 1814 202 1873 daeo
221 1813 331 1872 editus:
365 1813 475 1882 limine,
510 1818 623 1888 praeter
647 1814 830 1882 Sacerdotes,
854 1815 991 1872 arosban·
1022 1886 1027 1892 ι

123 1916 181 1969 tur.
242 1913 321 1971 Dum
350 1912 488 1985 Assyriae
511 1929 601 1985 penes
629 1910 790 1986 Medosque
824 1916 855 1968 et
886 1913 991 1971 Persas
1069 1986 1073 1991 ἡ

123 2009 234 2068 Oriens
255 2010 320 2078 luit,
340 2009 560 2083 despectissima
579 2026 645 2082 pars
672 2008 860 2066 servientium
876 2030 896 2064 ε·
914 2016 990 2082 post·

120 2124 211 2184 mam
232 2108 411 2166 Macedones
433 2112 630 2181 praepotuisse,
652 2106 718 2164 Rex
744 2106 918 2174 Antiochus,
938 2110 987 2166 de·

119 2225 204 2267 mere
220 2206 454 2280 superstitionem
479 2211 509 2262 et
523 2220 615 2263 moses
631 2204 793 2262 Grseeorm
805 2206 874 2262 dare
888 2206 990 2265 adnix-

124 2323 171 2373 us,
191 2322 248 2381 quo
272 2304 367 2362 miuus
395 2304 569 2362 teterrimam
593 2307 711 2378 gentem
725 2302 758 2360 iu
785 2303 887 2360 melius
901 2309 990 2363 muta-

104 2407 179 2472 ·ret,
199 2403 370 2461 Parthomm
383 2403 461 2459 bello
474 2402 634 2475 prohibitus
648 2407 702 2465 est.
724 2417 790 2458 uam
810 2418 845 2458 ea
867 2407 990 2473 tempes-
1070 2440 1078 2451 ·

119 2505 183 2560 tate
205 2503 330 2559 Arsaces
344 2501 518 2559 deseiverat
573 2499 653 2558 Tum
683 2498 795 2567 ludaei,
817 2497 986 2556 Macedoni-

122 2600 179 2659 uns
204 2598 351 2665 invalidis,
373 2598 488 2657 Parthis
520 2599 648 2661 neudum
668 2598 774 2655 adultis
802 2596 845 2673 (et
860 2598 987 2655 Romani

122 2699 224 2775 procul
235 2694 331 2773 eraut)
350 2696 476 2770 sibiipsi
499 2697 596 2772 Reges
610 2696 779 2770 inposuere:
799 2695 848 2771 qui
874 2696 989 2754 mobili·

152 2870 317 2940 Eumolpus]
346 2866 382 2917 De
399 2869 455 2915 urbe
473 2869 596 2917 Jerusalem
612 2870 702 2930 ejusque
719 2870 804 2927 templo
820 2869 988 2928 diligentissime

123 2929 211 3036 202th
227 2928 357 3044 wimiis,
375 2922 524 2976 missuum
539 2943 580 2976 sur
594 2930 705 2975 l’eunuus
718 2929 746 2974 de
758 2929 883 2974 t'aneiame
896 2927 988 2974 Jerusa-

206 3002 246 3034 sen
332 3023 336 3032 .

152 3066 191 3112 Ad
197 3065 271 3125 seres]
302 3065 339 3112 Sis
350 3069 375 3110 et
390 3064 418 3112 D.
431 3065 502 3112 lucas
514 3065 532 3120 l,
541 3065 563 3111 8.
594 3062 690 3110 Festum
708 3067 739 3109 est
752 3066 833 3115 sutem
850 3076 902 3108 cum
915 3076 985 3108 sucer-

122 3125 182 3173 dotie
188 3124 331 3181 frungeretur
345 3122 465 3171 Zacharias
479 3124 507 3170 in
522 3123 600 3170 ordine
617 3122 671 3168 visit
686 3136 738 3168 usae
751 3129 804 3167 unte
818 3120 901 3171 Deum,
910 3134 986 3166 secun-

121 3184 180 3233 dam
195 3182 373 3229 consuetudinem
390 3182 512 3236 sacerdotii,
530 3185 586 3228 toste
600 3180 655 3227 em’u't
673 3185 699 3227 ut
715 3180 831 3227 incenatum
848 3184 935 3236 poneret
949 3180 985 3225 in·

152 3255 211 3287 estut
225 3241 251 3287 in
266 3243 371 3297 templum
384 3240 492 3287 Domini:
516 3245 536 3287 el
549 3239 620 3287 omnis
637 3240 757 3287 multitude
770 3239 847 3296 populi
861 3242 907 3284 erat
919 3252 986 3303 oreris

111 3256 186 3358 fiiis,
196 3299 248 3345 iera
258 3299 350 3346 incensi,

151 3377 311 3435 dementium]
342 3360 472 3424 Servieruut
486 3376 568 3423 Jisdari
584 3376 689 3434 Assyriis,
705 3375 790 3434 Medis,
806 3391 833 3422 se
844 3371 923 3430 Persis,
933 3380 986 3423 tune

118 3451 176 3485 sene
184 3435 341 3495 depectisdmi,
353 3435 403 3482 Deo
413 3435 489 3496 populi
499 3434 531 3482 sui
548 3440 640 3494 peecata
648 3436 761 3497 puniente.
795 3439 826 3482 nt
836 3448 879 3482 non
888 3436 986 3481 serviere

121 3494 206 3551 David,
216 3496 330 3551 Salomon,
341 3492 424 3555 aliique
434 3508 495 3553 reges
505 3493 602 3554 plurimi

148 3571 198 3620 Sibi
213 3574 257 3630 ipsi
276 3572 348 3632 Reges
362 3572 493 3634 mptum]
524 3572 560 3620 Ee
584 3572 647 3620 Bret.
671 3573 741 3622 rdert
758 3584 858 3620 nummos
876 3568 986 3618 alumnis

160 3672 232 3714 rur..
253 3671 288 3712 u.
564 3655 603 3715 ³5
613 3651 633 3689 ⁴*
