2509 4292
342 294 414 363 358
632 313 882 364 arancarsarsr
1052 315 1163 365 snm.

338 468 530 536 ‘laederetun
544 487 638 544 neque
660 487 692 525 se
716 470 883 542 praemium,
910 474 960 528 aut
986 471 1113 534 hoamen,
1132 482 1165 523 cx

340 569 528 625 ‘calamitate
548 569 658 626 ciuium
682 570 796 639 cepisse
805 567 822 624 :’
842 570 962 642 trepidis
974 575 1004 627 et
1018 565 1163 626 verbainris·

341 665 456 724 iurandi
485 684 535 742 per
563 667 657 723 varias
680 672 756 723 artes
784 669 970 735 mutantibus,
1001 668 1059 741 quia
1086 659 1166 736 tegili

340 764 523 823 conscientia
549 765 651 822 luerat.
706 765 869 822 Probslunt
896 768 1059 839 religionem
1079 764 1167 827 Patres,

340 863 495 938 periurium
509 866 675 936 urguebant.
717 864 818 938 anue
833 867 914 921 uelut
927 881 1044 922 censura
1055 862 1081 919 in
1094 859 1168 918 Sario-
1230 928 1231 947 Χ

345 964 442 1019 lenum
458 961 600 1017 Voculam
615 967 647 1017 et
674 962 803 1019 Nonium
833 964 991 1020 Aelianum
1016 968 1044 1018 at
1064 959 1167 1017 Cealina

343 1060 484 1118 &aarum
499 1059 638 1116 acerrime
654 1060 796 1127 incubuit,
814 1063 925 1119 crebris
951 1062 1024 1136 apud
1049 1060 1165 1117 Neronem

342 1157 535 1214 delationibus
546 1157 681 1215 famosos.
723 1159 906 1217 Sariolenum
922 1170 952 1217 et
979 1157 1168 1217 neceesarium

339 1257 467 1328 urgebat,
500 1257 575 1329 qnod
606 1257 682 1329 apud
709 1258 866 1316 Vitellium
894 1260 1010 1316 molitus
1031 1258 1117 1314 eadem
1137 1252 1168 1307 lo·
1230 1268 1231 1277 ¹

335 1359 387 1411 ret.
422 1371 477 1411 nec
509 1354 620 1410 destitit
645 1356 770 1413 Senatus
805 1375 906 1414 manna
936 1359 1072 1415 intentare
1092 1354 1167 1409 Vocu·
1230 1376 1231 1391 ³

335 1456 393 1516 lae,
417 1453 513 1511 donec
539 1454 619 1511 curia
640 1457 806 1512 excederet.
851 1459 899 1514 Ad
929 1457 1057 1525 Pactiam
1081 1451 1169 1510 Aldu·
1230 1500 1231 1503 ,

336 1570 406 1612 num
440 1553 618 1625 transgressi,
652 1571 718 1611 errm
757 1572 869 1628 qnoque
913 1559 1088 1627 proturbant:
1115 1557 1170 1605 tam·

335 1669 421 1728 quam
447 1652 558 1709 Neroni
581 1651 748 1709 Scribonios
770 1653 879 1715 iratres,
902 1654 1057 1711 eoncordia
1078 1649 1168 1721 epibata

335 1750 542 1825 qnelnsiqnes,
565 1751 601 1805 ad
624 1750 747 1807 exitium
768 1754 1000 1809 monstravissat.
1041 1749 1167 1808 Africanus
1230 1762 1231 1825 q

334 1866 428 1921 neque
461 1849 545 1905 lateri
578 1849 712 1915 audebat,
734 1867 827 1922 neque
847 1853 977 1908 abnuere
1010 1854 1122 1922 poterat:
1143 1843 1168 1901 n
1230 1834 1231 1871 ³

333 1945 455 2004 Vibium
471 1948 614 2020 Crispum,
627 1947 708 2004 cuius
728 1947 1003 2022 interrogationibus
1017 1946 1170 2020 fatigabatur,
1230 1980 1231 2013 2

333 2048 408 2103 ultro
440 2064 607 2111 conversus,
639 2044 789 2104 miscendo
817 2063 891 2120 quae
922 2049 1072 2107 defendere
1090 2037 1169 2113 nequi·
1230 2034 1231 2101 ἶ

279 2144 390 2224 quat,
410 2145 550 2223 sqcietate
564 2148 666 2218 culpae
680 2145 821 2202 inuidiam
842 2146 1015 2203 declinavit.
1053 2142 1169 2212 Magnam
1230 2128 1231 2131 ¹

332 2261 369 2301 eo
382 2245 430 2302 die
444 2245 560 2317 pietatis
570 2245 809 2318 eloquentiaeque
823 2244 930 2300 lamam
946 2245 1095 2316 Vipstanus
1109 2237 1170 2292 lilas-
1230 2242 1231 2245 ’

330 2345 394 2398 sals
426 2344 547 2417 adeptus
567 2350 621 2410 est,
642 2344 770 2400 nondum
800 2343 954 2400 Senatorio
984 2346 1169 2403 auratarum

329 2458 382 2514 pro
407 2441 503 2509 lratre,
536 2442 655 2516 Aquilio
681 2442 804 2514 Regulo,
830 2441 991 2513 deprecari.
1049 2435 1169 2508 Regulum

328 2541 468 2596 subversa
489 2540 656 2596 Crassorum
677 2546 707 2596 et
734 2538 850 2611 Orphiti
876 2540 978 2596 domus
1001 2539 1029 2595 in
1049 2541 1168 2591 summum

327 2636 425 2693 odium
439 2640 592 2694 extulerat.
636 2640 747 2710 Sponte
761 2656 799 2695 ex
824 2633 881 2694 SC.
897 2638 1104 2701 edomationem
1116 2627 1168 2685 sub*

326 2735 384 2793 isse
398 2733 514 2793 iuvenis
528 2736 701 2802 admodum,
723 2755 779 2793 nec
802 2737 968 2808 depellendi
990 2730 1109 2806 periculi,
1125 2721 1169 2780 sed

325 2834 357 2893 in
372 2838 452 2906 a'pem
467 2832 617 2911 potentiae
636 2833 795 2890 videbatur.
845 2834 884 2891 Et
910 2833 1039 2906 Sulpicia
1052 2830 1170 2887 Praetex-

328 2939 398 3000 tata,
419 2932 517 2990 Crassi
538 2938 631 2997 naor,
659 2938 835 3006 quatuorque
857 2931 948 2998 liberi,
975 2931 1011 2987 ai¹
1032 2936 1170 3000 cognosce·

328 3039 372 3092 ret
401 3033 534 3099 Senatus,
563 3032 671 3087 ultores
691 3032 818 3086 aderant.
839 3102 841 3105 ι
861 3029 953 3102 igitur
973 3028 1101 3087 ,Messala
1119 3036 1171 3078 nan

328 3148 466 3200 caussam,
497 3148 590 3204 neque
624 3146 703 3186 reum
737 3129 820 3193 tueri,
847 3130 899 3184 aad
933 3126 1064 3200 periculis
1086 3118 1170 3178 tranis

326 3235 420 3289 semel
451 3246 600 3301 opponens
630 3228 759 3287 flexerat
779 3228 925 3300 quosdam.
965 3223 1095 3282 Occurrit
1124 3224 1171 3275 lru·

355 3381 448 3442 Aquilio
465 3380 560 3441 Regulo]
594 3382 634 3428 list
653 3381 744 3428 omnino
762 3380 802 3425 ille
823 3379 929 3435 Reatina.
948 3378 1020 3425 Plinio
1036 3376 1058 3421 is
1075 3368 1170 3432 Epistollt

327 3446 347 3497 l,
357 3448 379 3489 5,
395 3446 415 3487 2.
426 3442 462 3487 2⁰.
480 3444 501 3495 l,
510 3445 530 3486 2.
545 3445 567 3493 6,
578 3444 599 3487 2.
616 3440 758 3486 meritissimo
772 3439 903 3496 flagellatus,
920 3444 943 3483 et
957 3437 1012 3482 abbi
1029 3433 1126 3489 bipedum
1137 3441 1168 3473 m·

323 3500 444 3612 qqzqdmm
461 3498 540 3545 dictus.
571 3499 674 3547 Observa
698 3513 752 3558 ergo
775 3499 804 3544 de
823 3497 925 3545 Messala
942 3493 1090 3593 diversissima:
1102 3490 1167 3535 tratre.
