2509 4292
213 345 265 413 40
554 338 741 411 suusmvrs
944 364 975 413 r.
989 360 1021 411 v.
1036 365 1099 412 rra.

214 518 352 594 pollebat,
365 515 506 592 gratiores
519 521 606 584 ratus,
618 515 646 573 si
668 513 837 588 Principem
859 514 1001 574 societate
1024 533 1096 574 sce-

214 618 306 676 lerum
329 617 540 691 obstringeret3
560 620 654 673 metus
681 615 745 671 eius
766 615 906 675 rimetur:
927 620 1098 690 comperto·

215 734 280 793 que,
299 715 434 797 Plautum
446 721 475 772 et
502 715 614 771 Sullam
636 713 764 775 maxime
780 714 886 782 timeri,
908 714 1041 773 l'lsutum
1055 713 1097 772 in
1128 712 1133 718 ’

217 814 331 882 Asiam,
366 816 477 872 Sullam
501 813 532 871 in
568 813 699 871 Galliam
741 814 965 873 Narbonensem
998 831 1100 886 nuper

217 921 347 983 amotos3
381 912 583 970 ‘nobilitatem
617 929 727 979 eorum,
747 918 778 969 et
812 914 987 988 propinquos
1020 913 1097 971 huie

217 1012 377 1080 ‘Orientis
401 1011 445 1069 illi
470 1011 650 1082 Germaniae
680 1010 838 1069 exercitus*
869 1017 1093 1071 commemorat.

218 1111 303 1170 ‘Non
318 1130 359 1178 se,
374 1117 405 1169 ut
420 1110 552 1187 Burrum,
575 1111 709 1169 diversas
733 1130 809 1185 spes,
823 1113 874 1168 sed
896 1114 988 1169 solam
1009 1113 1094 1169 inco·
1158 1159 1164 1164 .

217 1210 397 1269 ‘lumitalem
412 1210 543 1268 Neronis
568 1217 720 1283 spectare:
755 1210 804 1267 cui
818 1211 919 1268 caveri
934 1218 1093 1285 utcumque

218 1311 275 1367 ‘ab
299 1310 415 1368 urbanis
427 1358 430 1367 ,
442 1309 558 1368 insidiis
583 1311 768 1385 praesentim
800 1311 974 1385 longinquos
994 1316 1092 1369 motus

218 1416 361 1484 ‘quonum
373 1411 459 1467 modo
479 1410 633 1482 comprimi
647 1405 754 1483 posse?
774 1408 897 1467 Erectis
922 1408 1036 1466 Gallias
1050 1410 1092 1466 ad

219 1515 345 1568 ‘nomen
370 1510 585 1574 Dictatorium‚.
602 1526 658 1566 nec
685 1507 781 1571 minus
812 1513 964 1582 suspectos
999 1509 1094 1567 Asiae

219 1611 360 1685 ‘populos
386 1604 560 1675 claritudine
587 1602 639 1665 avi
662 1608 760 1665 Drusi.
812 1608 925 1666 Sullam
953 1609 1092 1681 inopem3

220 1708 316 1766 ‘unde
331 1706 516 1780 praecipuam
539 1708 708 1767 audaciam:
730 1713 760 1766 et
784 1709 982 1766 simulatorem
996 1707 1096 1782 segni·

219 1806 305 1874 ‘tine
318 1807 387 1864 dum
401 1805 546 1864 temeriati
560 1809 658 1869 locum
673 1807 821 1880 reperiret.
864 1808 1002 1866 Plautum
1014 1825 1094 1882 mag·

220 1905 284 1965 ‘nis
305 1904 417 1987 opibus,
436 1923 474 1962 ne
498 1906 607 1980 lingere
620 1906 738 1980 quidem
762 1907 930 1982 cupidinem
952 1907 1016 1975 otii,
1038 1907 1094 1964 sed

220 2011 374 2063 ‘veterum
409 2005 604 2064 Romanorum
633 2004 818 2065 imitamenta
844 2008 1010 2080 praeferre:
1044 2009 1095 2066 ad·

223 2108 355 2179 ‘sumpta
368 2105 468 2163 etiam*
482 2104 647 2164 Stoicorum
660 2106 833 2180 adrogantia
846 2113 995 2182 sectaque,
1018 2124 1095 2182 quae

221 2204 371 2263 ‘turbidos
404 2211 435 2263 et
465 2206 646 2280 negotiorum
672 2182 860 2279 adpetentes'
875 2204 984 2264 saciat?
1025 2207 1096 2265 Nec

222 2304 296 2365 ultra
318 2318 406 2361 mora.
449 2306 542 2371 Sulla,
568 2310 654 2362 sexto
680 2303 728 2362 die
751 2305 899 2378 pervectis
930 2305 1095 2365 Massiliam

222 2404 447 2478 percussoribus,
469 2410 538 2460 ante
558 2409 668 2461 metum
692 2409 722 2461 et
745 2421 889 2462 rumorem
905 2404 1096 2477 interficitur,

222 2520 291 2563 cum
313 2501 452 2577 epulandi
472 2518 575 2559 caussa
602 2501 807 2561 discumberet.
849 2503 986 2561 Relatum
1006 2508 1097 2578 caput

221 2602 284 2661 eius
296 2600 396 2659 inlusit
409 2601 498 2666 Nero,
508 2605 656 2675 tamquam
666 2608 848 2675 praematura
868 2603 979 2661 canitie
1001 2604 1094 2661 delor-

170 2701 211 2760 58
224 2718 279 2761 me.
321 2700 427 2757 Plauto
440 2699 534 2774 parari
543 2716 657 2768 necem,
669 2719 727 2759 non
738 2702 857 2774 perinde
868 2706 1017 2761 occultum
1027 2703 1095 2772 tuit,
1132 2732 1133 2737 1

223 2801 290 2879 quia
304 2798 432 2873 pluribus
445 2802 522 2857 selus
536 2799 599 2856 eius
613 2803 787 2870 curabatur3
801 2809 832 2861 el
846 2803 970 2876 spatium
981 2803 1097 2862 itineris
1110 2862 1113 2867 ,

223 2916 259 2959 ac
290 2898 376 2956 maris
405 2905 573 2974 tempusque
601 2882 790 2971 interiectum
815 2908 946 2959 moverat
967 2902 1096 2961 lamam:

223 3001 368 3077 vulgoque
381 2999 538 3074 fingebant,
545 2999 663 3076 petitum
677 2998 714 3058 ab
727 3017 758 3058 eo
771 2998 965 3068 Corbulonem,
980 3003 1095 3077 magnis

224 3106 284 3160 tum
300 3100 477 3158 exercitibus
497 3099 722 3172 praesidentem,
736 3100 762 3158 si
775 3102 848 3159 clari
863 3109 948 3176 atque
961 3102 1095 3159 insontes

222 3199 463 3275 interficerentur,
499 3199 686 3275 praecipuum
711 3201 747 3257 ad
770 3200 909 3274 pericula.
942 3201 1030 3276 ‘quin
1064 3206 1096 3261 et

223 3300 347 3357 ‘Asiam
361 3299 460 3356 lavore
475 3298 592 3363 iuvenis
606 3316 683 3357 arma
700 3299 833 3373 cepisse3
857 3318 912 3358 nec
927 3300 1046 3368 milites,
1059 3301 1099 3361 ad

199 3400 337 3485 '‘scelus
371 3399 484 3466 missos,
525 3404 575 3455 aut
620 3416 739 3457 numero
783 3400 907 3465 validos,
941 3405 990 3456 aut
1033 3399 1096 3458 aui·

221 3505 288 3557 ‘mo
319 3504 484 3570 promptos:
527 3505 678 3572 postquam
704 3499 782 3556 iussa
816 3499 932 3557 efficere
955 3498 1097 3572 nequive-

222 3596 308 3666 ‘rint‚
321 3598 359 3654 ed
385 3615 452 3676 spes
473 3614 566 3656 novas
592 3597 750 3659 transisse?
790 3599 880 3659 Vana
903 3599 989 3668 baec,
1014 3615 1095 3658 mora
