2509 4292
313 377 384 444 ltu
607 389 860 439 euroaustrum
1023 388 1154 439 naam

304 553 379 605 ‘sue
411 541 576 612 inmanitas,
607 559 660 601 tua
693 543 818 609 taxum,
849 541 1018 601 cervicibus
1044 534 1155 616 publicis
1214 542 1215 599 l

307 646 482 717 ‘depulerez
513 659 606 718 neque
639 647 701 699 erat
733 642 828 699 atlbuc
857 641 990 699 (lamani
1024 639 1155 712 Principis

306 744 502 815 ‘exemplum
543 740 606 797 Nus
634 741 712 797 bello
744 746 775 797 et
807 742 845 796 sb
878 738 1095 797 aestimantibus
1115 736 1157 794 ab

306 842 404 907 ‘reitt
426 856 491 900 unm
518 838 642 905 invidia,
667 837 800 913 quamvis
826 838 947 913 egregii,
968 836 1081 895 erimus.
1116 838 1157 895 Ne

306 946 424 998 ‘umen
439 938 551 995 territus
574 937 672 1002 tueris,
686 937 798 994 uiduae
818 937 949 1010 legiones
970 937 1002 995 in
1025 939 1080 996 boc
1098 955 1157 996 cuc·

306 1036 399 1096 ‘cusai
418 1037 495 1093 orbis
516 1041 594 1092 motu
614 1036 743 1097 nondum
763 1035 924 1110 quiescunt.
968 1037 1017 1094 Ne
1037 1034 1158 1110 ipsequl·
1215 1090 1216 1097 ,

306 1138 392 1192 ‘dem
406 1134 441 1190 ad
456 1150 571 1190 securas
580 1150 625 1190 res
636 1134 764 1192 accessi:
779 1141 818 1197 et,
832 1134 932 1192 auditu
943 1128 1157 1208 adoptiuue‘rle·

306 1232 419 1290 ‘sinam
432 1231 525 1289 videri
538 1250 646 1300 tenear
660 1233 736 1306 quud
750 1248 827 1290 nuuc
841 1233 912 1289 mibi
922 1251 1014 1292 unum
1026 1233 1156 1289 obiicitur.
1216 1226 1217 1243 ³

306 1332 432 1388 ‘Nerua
459 1332 585 1404 pessimo
597 1348 710 1406 quoque
723 1348 837 1403 semper
849 1331 1075 1390 desiderabitur:
1093 1329 1156 1388 mibi
1216 1320 1217 1351 ¹

305 1433 360 1486 ‘uu
374 1428 429 1486 tibi
444 1428 654 1502 providendum
667 1435 721 1493 est,
736 1446 773 1485 ne
784 1429 872 1487 etium
887 1431 1006 1488 abonis
1027 1429 1156 1487 desidere

306 1533 379 1584 ‘tun
435 1527 557 1586 Monere
584 1529 700 1598 diutius,
730 1544 823 1601 neque
848 1529 989 1601 temporis
1012 1529 1111 1595 buius3
1129 1529 1156 1582 et

306 1625 467 1698 ‘inpletum
494 1632 539 1683 est
571 1644 658 1683 omne
685 1625 848 1694 consilium,
872 1627 897 1683 si
925 1633 959 1684 te
985 1630 1058 1684 bena
1080 1622 1156 1698 elegi.
1217 1648 1218 1653 ¹

306 1724 561 1798 ‘Vtilissimusque
580 1723 658 1780 idem
672 1740 708 1781 ac
722 1723 908 1782 brevissimus
921 1724 1061 1783 bonnrum
1081 1724 1156 1780 mule
1217 1720 1218 1739 ¹

307 1827 449 1895 ‘rumque
464 1839 557 1880 rerum
581 1823 715 1880 delectus
728 1829 783 1889 est,
795 1823 935 1896 cogitare,
958 1824 1026 1897 quirl
1046 1828 1092 1880 aut
1115 1836 1158 1878 ro·

307 1920 413 1977 ‘lucris
424 1921 476 1976 tub
489 1920 548 1977 ulio
569 1919 717 1993 Principe,
729 1928 779 1978 aut
793 1922 928 1979 nolueris.
973 1924 1074 1996 Neque
1086 1919 1155 1978 enirn

307 2018 386 2085 ‘bic,
413 2023 444 2075 ut
471 2018 502 2076 lu
515 2018 621 2076 ceteris
642 2018 785 2093 gentibue,
808 2038 882 2093 quae
904 2030 1069 2093 regnantur,
1086 2022 1156 2076 crrtt

308 2116 506 2174 ‘dominorum
532 2117 643 2183 domna,
657 2122 686 2173 et
700 2117 793 2174 ceteri
819 2119 917 2175 servi:
936 2121 990 2177 sed
1018 2120 1156 2190 imperatu

307 2219 374 2271 ‘rus
397 2232 429 2271 es
454 2213 626 2276 bominibus,
649 2216 699 2288 qui
726 2232 782 2272 nec
807 2218 896 2274 totam
910 2217 1080 2274 servitutem
1104 2211 1155 2286 puli
1218 2264 1219 2269 ,

307 2317 457 2385 ‘possunt
475 2318 636 2370 nectutem
659 2311 841 2370 libertatem?
881 2315 919 2371 Et
934 2315 1031 2372 Galbn
1052 2313 1155 2387 quidem

306 2410 380 2469 baec
404 2428 440 2467 ac
463 2411 543 2477 talin,
563 2392 709 2483 tamquam
729 2408 897 2486 Principem
921 2413 1048 2483 luceret;
1067 2407 1156 2475 ceteri,

228 2540 232 2544 ·
257 2501 451 2581 lltumquam
467 2524 534 2565 cunr
560 2508 639 2565 lacto
663 2510 863 2582 loquebantur.
903 2513 1051 2576 Pisonem,
1063 2511 1155 2571 lerunt,

305 2604 404 2660 statim
415 2604 603 2672 intuentibus,
618 2613 648 2663 et
663 2624 731 2665 mus
744 2609 887 2666 coniectis
911 2611 942 2668 in
957 2629 1024 2669 eum
1037 2609 1154 2668 omniurn

304 2701 406 2765 ocutis,
421 2703 530 2760 nullum
545 2705 651 2761 turbuti
671 2710 721 2763 aut
747 2708 921 2765 exsultantia
943 2710 1034 2767 animi
1057 2711 1154 2764 motum

304 2801 473 2877 prodidisse.
536 2804 639 2861 Sermo
665 2823 734 2879 erga
768 2813 880 2880 patrem
904 2808 1154 2880 imperatoremque

303 2917 451 2961 reverens.
476 2901 514 2958 tle
541 2919 573 2958 se
595 2904 778 2974 moderatus,
799 2905 872 2962 nibil
892 2905 924 2964 in
949 2907 1030 2964 vultu
1053 2901 1153 2960 babitu·

303 3018 359 3076 qne
408 3007 569 3058 mutatum:
614 3002 697 3075 quusi
738 3005 880 3075 imperare
925 3011 1021 3077 posset
1058 2997 1152 3073 magis,

303 3109 388 3175 quarn
417 3101 516 3157 vellet.
571 3099 772 3158 Consultatum
799 3102 877 3171 inde,
906 3108 980 3176 ‘pro
1006 3099 1098 3158 rostris
1121 3111 1154 3151 nu

304 3200 358 3255 ‘in
389 3200 509 3262 Senatu,
540 3216 577 3255 an
610 3199 642 3254 in
673 3199 776 3256 castris
800 3201 919 3272 adoptio
946 3200 1152 3271 nuncuparetur.

304 3297 368 3355 ‘lri
403 3298 435 3354 ia
467 3294 581 3363 custru,’
616 3297 752 3369 placuitr
783 3299 1000 3356 ‘honorificum
1036 3297 1064 3353 iul
1089 3289 1153 3350 miti·

305 3398 400 3456 ‘tibus
434 3395 504 3463 tore,
540 3412 659 3470 quorum
696 3394 835 3461 levorem,
873 3403 905 3454 ut
944 3396 1092 3470 largitione
1126 3391 1153 3444 tl

333 3567 388 3637 Pqti
400 3567 498 3637 porram]
529 3567 592 3638 tteee
602 3569 676 3616 Galba
685 3588 691 3615 r
711 3570 778 3616 aliter
787 3569 878 3617 dixisset
887 3570 996 3624 Tiberius,
1006 3569 1043 3631 qui
1051 3568 1153 3616 llum&

304 3637 353 3671 rum
362 3639 458 3684 ungenta,
468 3639 608 3687 tmpenrque,
619 3628 665 3676 vim
672 3635 698 3676 et
707 3634 766 3678 urtes
775 3629 842 3678 ultius
851 3628 1016 3690 penetraverat.
