<?xml version="1.0" encoding="UTF-8"?>
<!DOCTYPE html PUBLIC "-//W3C//DTD XHTML 1.0 Transitional//EN"
    "http://www.w3.org/TR/xhtml1/DTD/xhtml1-transitional.dtd">
<html xmlns="http://www.w3.org/1999/xhtml" xml:lang="en" lang="en">
 <head>
  <title>
</title>
<meta http-equiv="Content-Type" content="text/html;charset=utf-8" />
  <meta name='ocr-system' content='tesseract 3.04.00' />
  <meta name='ocr-capabilities' content='ocr_page ocr_carea ocr_par ocr_line ocrx_word'/>
</head>
<body>
  <div class='ocr_page' id='page_1' title='image "./ccorneliitaciti03brotgoog_0014.png"; bbox 0 0 2509 4292; ppageno 0'>
   <div class='ocr_carea' id='block_1_1' title="bbox 233 381 1102 449">
    <p class='ocr_par' dir='ltr' id='par_1_1' title="bbox 233 381 1102 449">
     <span class='ocr_line' id='line_1_1' title="bbox 233 381 1102 449; baseline 0.003 -3"><span class='ocrx_word' id='word_1_1' title='bbox 233 381 256 446; x_wconf 82' lang='lat'>4</span> <span class='ocrx_word' id='word_1_2' title='bbox 557 396 742 447; x_wconf 82' lang='lat' dir='ltr'>annnarvss</span> <span class='ocrx_word' id='word_1_3' title='bbox 956 395 1102 449; x_wconf 72' lang='lat' dir='ltr'>naara</span> 
     </span>
    </p>
   </div>
   <div class='ocr_carea' id='block_1_2' title="bbox 200 552 1101 1731">
    <p class='ocr_par' dir='ltr' id='par_1_2' title="bbox 200 552 1101 1731">
     <span class='ocr_line' id='line_1_2' title="bbox 231 552 1101 639; baseline 0.006 -29"><span class='ocrx_word' id='word_1_4' title='bbox 231 552 350 629; x_wconf 79' lang='lat' dir='ltr'>infringi</span> <span class='ocrx_word' id='word_1_5' title='bbox 369 554 468 612; x_wconf 86' lang='lat' dir='ltr'>matris</span> <span class='ocrx_word' id='word_1_6' title='bbox 492 555 664 628; x_wconf 87' lang='lat' dir='ltr'>potentiam,</span> <span class='ocrx_word' id='word_1_7' title='bbox 684 560 716 612; x_wconf 88' lang='lat' dir='ltr'>et</span> <span class='ocrx_word' id='word_1_8' title='bbox 734 555 873 639; x_wconf 86' lang='lat' dir='ltr'>credente</span> <span class='ocrx_word' id='word_1_9' title='bbox 896 558 1101 631; x_wconf 72' lang='lat' dir='ltr'>nullamque</span> 
     </span>
     <span class='ocr_line' id='line_1_3' title="bbox 200 654 1099 724; baseline 0.001 -13"><span class='ocrx_word' id='word_1_10' title='bbox 200 655 267 717; x_wconf 77' lang='lat' dir='ltr'>2ad</span> <span class='ocrx_word' id='word_1_11' title='bbox 282 655 402 712; x_wconf 89' lang='lat' dir='ltr'>caedem</span> <span class='ocrx_word' id='word_1_12' title='bbox 418 655 479 711; x_wconf 87' lang='lat' dir='ltr'>elus</span> <span class='ocrx_word' id='word_1_13' title='bbox 492 655 626 712; x_wconf 89' lang='lat' dir='ltr'>duratura</span> <span class='ocrx_word' id='word_1_14' title='bbox 652 655 706 712; x_wconf 81' lang='lat' dir='ltr'>filii</span> <span class='ocrx_word' id='word_1_15' title='bbox 719 655 794 711; x_wconf 88' lang='lat' dir='ltr'>odia.</span> <span class='ocrx_word' id='word_1_16' title='bbox 837 654 944 713; x_wconf 73' lang='lat' dir='ltr'>&#39;l‘radit</span> <span class='ocrx_word' id='word_1_17' title='bbox 963 657 1099 724; x_wconf 81' lang='lat' dir='ltr'>Cluvius,</span> 
     </span>
     <span class='ocr_line' id='line_1_4' title="bbox 230 752 1100 829; baseline 0.001 -18"><span class='ocrx_word' id='word_1_18' title='bbox 230 752 447 827; x_wconf 78' lang='lat' dir='ltr'>‘Agrippinam</span> <span class='ocrx_word' id='word_1_19' title='bbox 468 756 569 811; x_wconf 91' lang='lat' dir='ltr'>ardore</span> <span class='ocrx_word' id='word_1_20' title='bbox 589 755 760 812; x_wconf 74' lang='lat' dir='ltr'>retinendae</span> <span class='ocrx_word' id='word_1_21' title='bbox 783 754 932 827; x_wconf 81' lang='lat' dir='ltr'>potentiae</span> <span class='ocrx_word' id='word_1_22' title='bbox 952 773 989 811; x_wconf 89' lang='lat' dir='ltr'>eo</span> <span class='ocrx_word' id='word_1_23' title='bbox 1008 772 1100 829; x_wconf 82' lang='lat' dir='ltr'>nsque</span> 
     </span>
     <span class='ocr_line' id='line_1_5' title="bbox 230 852 1099 927; baseline 0.005 -19"><span class='ocrx_word' id='word_1_24' title='bbox 230 858 432 927; x_wconf 76' lang='lat' dir='ltr'>‘provectam</span> <span class='ocrx_word' id='word_1_25' title='bbox 446 859 477 910; x_wconf 90' lang='lat' dir='ltr'>ut</span> <span class='ocrx_word' id='word_1_26' title='bbox 505 853 601 910; x_wconf 90' lang='lat' dir='ltr'>medio</span> <span class='ocrx_word' id='word_1_27' title='bbox 615 854 685 920; x_wconf 88' lang='lat' dir='ltr'>diei,</span> <span class='ocrx_word' id='word_1_28' title='bbox 709 871 775 911; x_wconf 91' lang='lat' dir='ltr'>cum</span> <span class='ocrx_word' id='word_1_29' title='bbox 798 852 828 910; x_wconf 80' lang='lat' dir='ltr'>iel</span> <span class='ocrx_word' id='word_1_30' title='bbox 853 855 991 925; x_wconf 84' lang='lat' dir='ltr'>temporis</span> <span class='ocrx_word' id='word_1_31' title='bbox 1016 856 1099 912; x_wconf 88' lang='lat' dir='ltr'>Nero</span> 
     </span>
     <span class='ocr_line' id='line_1_6' title="bbox 230 950 1100 1029; baseline 0.006 -22"><span class='ocrx_word' id='word_1_32' title='bbox 230 956 301 1025; x_wconf 86' lang='lat' dir='ltr'>‘per</span> <span class='ocrx_word' id='word_1_33' title='bbox 315 950 415 1008; x_wconf 84' lang='lat' dir='ltr'>vinum</span> <span class='ocrx_word' id='word_1_34' title='bbox 428 956 459 1009; x_wconf 91' lang='lat' dir='ltr'>el</span> <span class='ocrx_word' id='word_1_35' title='bbox 473 955 574 1025; x_wconf 88' lang='lat' dir='ltr'>epulas</span> <span class='ocrx_word' id='word_1_36' title='bbox 589 955 791 1021; x_wconf 73' lang='lat' dir='ltr'>incalesceret,</span> <span class='ocrx_word' id='word_1_37' title='bbox 801 954 916 1029; x_wconf 81' lang='lat' dir='ltr'>offerret</span> <span class='ocrx_word' id='word_1_38' title='bbox 930 971 962 1009; x_wconf 87' lang='lat' dir='ltr'>sa</span> <span class='ocrx_word' id='word_1_39' title='bbox 982 955 1100 1027; x_wconf 83' lang='lat' dir='ltr'>saepius</span> 
     </span>
     <span class='ocr_line' id='line_1_7' title="bbox 230 1053 1100 1128; baseline 0.005 -22"><span class='ocrx_word' id='word_1_40' title='bbox 230 1054 410 1109; x_wconf 84' lang='lat' dir='ltr'>‘temulento</span> <span class='ocrx_word' id='word_1_41' title='bbox 434 1057 579 1125; x_wconf 88' lang='lat' dir='ltr'>comptam</span> <span class='ocrx_word' id='word_1_42' title='bbox 604 1058 635 1109; x_wconf 91' lang='lat' dir='ltr'>et</span> <span class='ocrx_word' id='word_1_43' title='bbox 651 1053 765 1110; x_wconf 89' lang='lat' dir='ltr'>incesto</span> <span class='ocrx_word' id='word_1_44' title='bbox 788 1060 926 1125; x_wconf 86' lang='lat' dir='ltr'>paratam.</span> <span class='ocrx_word' id='word_1_45' title='bbox 968 1056 1100 1128; x_wconf 84' lang='lat' dir='ltr'>lamque,</span> 
     </span>
     <span class='ocr_line' id='line_1_8' title="bbox 229 1139 1095 1227; baseline 0.002 -20"><span class='ocrx_word' id='word_1_46' title='bbox 229 1139 360 1208; x_wconf 77' lang='lat' dir='ltr'>‘lasciva</span> <span class='ocrx_word' id='word_1_47' title='bbox 392 1154 493 1210; x_wconf 88' lang='lat' dir='ltr'>oscula</span> <span class='ocrx_word' id='word_1_48' title='bbox 525 1156 555 1208; x_wconf 90' lang='lat' dir='ltr'>et</span> <span class='ocrx_word' id='word_1_49' title='bbox 588 1152 775 1224; x_wconf 86' lang='lat' dir='ltr'>praenuntias</span> <span class='ocrx_word' id='word_1_50' title='bbox 809 1152 910 1227; x_wconf 83' lang='lat' dir='ltr'>flagitii</span> <span class='ocrx_word' id='word_1_51' title='bbox 936 1154 1095 1210; x_wconf 87' lang='lat' dir='ltr'>blanditias</span> 
     </span>
     <span class='ocr_line' id='line_1_9' title="bbox 228 1250 1098 1327; baseline 0.002 -20"><span class='ocrx_word' id='word_1_52' title='bbox 228 1250 452 1309; x_wconf 74' lang='lat' dir='ltr'>‘adnotantibus</span> <span class='ocrx_word' id='word_1_53' title='bbox 471 1251 620 1322; x_wconf 84' lang='lat' dir='ltr'>proximis,</span> <span class='ocrx_word' id='word_1_54' title='bbox 646 1253 791 1310; x_wconf 77' lang='lat' dir='ltr'>Senecam</span> <span class='ocrx_word' id='word_1_55' title='bbox 815 1259 916 1327; x_wconf 67' lang='lat' dir='ltr'>contra</span> <span class='ocrx_word' id='word_1_56' title='bbox 941 1252 1098 1309; x_wconf 79' lang='lat' dir='ltr'>muliebres</span> 
     </span>
     <span class='ocr_line' id='line_1_10' title="bbox 227 1349 1098 1424; baseline 0.002 -18"><span class='ocrx_word' id='word_1_57' title='bbox 227 1349 409 1407; x_wconf 84' lang='lat' dir='ltr'>‘inlecebras</span> <span class='ocrx_word' id='word_1_58' title='bbox 420 1350 580 1407; x_wconf 89' lang='lat' dir='ltr'>subsidium</span> <span class='ocrx_word' id='word_1_59' title='bbox 595 1352 735 1408; x_wconf 85' lang='lat' dir='ltr'>alemiua</span> <span class='ocrx_word' id='word_1_60' title='bbox 750 1351 890 1424; x_wconf 79' lang='lat' dir='ltr'>petivisse</span> <span class='ocrx_word' id='word_1_61' title='bbox 905 1372 911 1407; x_wconf 93' lang='lat'>:</span> <span class='ocrx_word' id='word_1_62' title='bbox 933 1352 1098 1409; x_wconf 87' lang='lat' dir='ltr'>inmissam·</span> 
     </span>
     <span class='ocr_line' id='line_1_11' title="bbox 226 1450 1096 1524; baseline 0.003 -20"><span class='ocrx_word' id='word_1_63' title='bbox 226 1455 301 1523; x_wconf 83' lang='lat' dir='ltr'>‘que</span> <span class='ocrx_word' id='word_1_64' title='bbox 324 1451 432 1517; x_wconf 88' lang='lat' dir='ltr'>Acten,</span> <span class='ocrx_word' id='word_1_65' title='bbox 455 1450 599 1517; x_wconf 81' lang='lat' dir='ltr'>libertam,</span> <span class='ocrx_word' id='word_1_66' title='bbox 620 1468 703 1524; x_wconf 88' lang='lat' dir='ltr'>quae,</span> <span class='ocrx_word' id='word_1_67' title='bbox 730 1452 814 1508; x_wconf 91' lang='lat' dir='ltr'>simul</span> <span class='ocrx_word' id='word_1_68' title='bbox 829 1468 881 1508; x_wconf 89' lang='lat' dir='ltr'>suu</span> <span class='ocrx_word' id='word_1_69' title='bbox 905 1451 1044 1523; x_wconf 89' lang='lat' dir='ltr'>periculo,</span> <span class='ocrx_word' id='word_1_70' title='bbox 1065 1455 1096 1507; x_wconf 89' lang='lat' dir='ltr'>et</span> 
     </span>
     <span class='ocr_line' id='line_1_12' title="bbox 226 1546 1095 1623; baseline 0.002 -20"><span class='ocrx_word' id='word_1_71' title='bbox 226 1546 361 1604; x_wconf 77' lang='lat' dir='ltr'>‘infamia</span> <span class='ocrx_word' id='word_1_72' title='bbox 386 1550 512 1609; x_wconf 89' lang='lat' dir='ltr'>Neronis</span> <span class='ocrx_word' id='word_1_73' title='bbox 533 1549 634 1613; x_wconf 80' lang='lat' dir='ltr'>anxia,</span> <span class='ocrx_word' id='word_1_74' title='bbox 654 1550 789 1616; x_wconf 83' lang='lat' dir='ltr'>deferret,</span> <span class='ocrx_word' id='word_1_75' title='bbox 809 1552 1010 1623; x_wconf 84' lang='lat' dir='ltr'>pervulgatum</span> <span class='ocrx_word' id='word_1_76' title='bbox 1030 1567 1095 1614; x_wconf 83' lang='lat' dir='ltr'>esse</span> 
     </span>
     <span class='ocr_line' id='line_1_13' title="bbox 226 1645 1094 1731; baseline 0.002 -28"><span class='ocrx_word' id='word_1_77' title='bbox 226 1645 398 1713; x_wconf 70' lang='lat' dir='ltr'>‘incestum</span> <span class='ocrx_word' id='word_1_78' title='bbox 425 1648 568 1721; x_wconf 77' lang='lat' dir='ltr'>gloriante</span> <span class='ocrx_word' id='word_1_79' title='bbox 589 1655 691 1713; x_wconf 89' lang='lat' dir='ltr'>matre,</span> <span class='ocrx_word' id='word_1_80' title='bbox 715 1666 771 1731; x_wconf 85' lang='lat' dir='ltr'>nec</span> <span class='ocrx_word' id='word_1_81' title='bbox 796 1651 966 1705; x_wconf 87' lang='lat' dir='ltr'>toleraturos</span> <span class='ocrx_word' id='word_1_82' title='bbox 985 1647 1094 1706; x_wconf 85' lang='lat' dir='ltr'>milites</span> 
     </span>
    </p>
   </div>
   <div class='ocr_carea' id='block_1_3' title="bbox 225 1745 1110 1918">
    <p class='ocr_par' dir='ltr' id='par_1_3' title="bbox 225 1745 1110 1918">
     <span class='ocr_line' id='line_1_14' title="bbox 226 1745 1095 1824; baseline 0.007 -25"><span class='ocrx_word' id='word_1_83' title='bbox 226 1745 358 1818; x_wconf 78' lang='lat' dir='ltr'>‘profani</span> <span class='ocrx_word' id='word_1_84' title='bbox 393 1746 538 1820; x_wconf 86' lang='lat' dir='ltr'>Principla</span> <span class='ocrx_word' id='word_1_85' title='bbox 573 1746 743 1824; x_wconf 64' lang='lat' dir='ltr'>imperium?</span> <span class='ocrx_word' id='word_1_86' title='bbox 803 1748 912 1805; x_wconf 83' lang='lat' dir='ltr'>Fabius</span> <span class='ocrx_word' id='word_1_87' title='bbox 947 1748 1095 1816; x_wconf 87' lang='lat' dir='ltr'>Rusticus,</span> 
     </span>
     <span class='ocr_line' id='line_1_15' title="bbox 225 1840 1110 1918; baseline 0.001 -19"><span class='ocrx_word' id='word_1_88' title='bbox 225 1848 304 1899; x_wconf 81' lang='lat' dir='ltr'>‘non</span> <span class='ocrx_word' id='word_1_89' title='bbox 321 1841 511 1918; x_wconf 77' lang='lat' dir='ltr'>Agrippinae,</span> <span class='ocrx_word' id='word_1_90' title='bbox 524 1844 576 1900; x_wconf 91' lang='lat' dir='ltr'>sed</span> <span class='ocrx_word' id='word_1_91' title='bbox 604 1843 716 1899; x_wconf 88' lang='lat' dir='ltr'>Neroni</span> <span class='ocrx_word' id='word_1_92' title='bbox 738 1843 867 1915; x_wconf 91' lang='lat' dir='ltr'>cupitum</span> <span class='ocrx_word' id='word_1_93' title='bbox 881 1840 929 1912; x_wconf 92' lang='lat' dir='ltr'>id‚&#39;</span> <span class='ocrx_word' id='word_1_94' title='bbox 944 1847 1110 1912; x_wconf 88' lang='lat' dir='ltr'>memorat,-</span> 
     </span>
    </p>
   </div>
   <div class='ocr_carea' id='block_1_4' title="bbox 222 1939 1104 2214">
    <p class='ocr_par' dir='ltr' id='par_1_4' title="bbox 222 1939 1104 2214">
     <span class='ocr_line' id='line_1_16' title="bbox 226 1939 1094 2016; baseline 0.001 -19"><span class='ocrx_word' id='word_1_95' title='bbox 226 1941 431 2015; x_wconf 88' lang='lat' dir='ltr'>‘eiusdemque</span> <span class='ocrx_word' id='word_1_96' title='bbox 456 1941 577 1998; x_wconf 78' lang='lat' dir='ltr'>libertae</span> <span class='ocrx_word' id='word_1_97' title='bbox 605 1946 669 1998; x_wconf 89' lang='lat' dir='ltr'>astu</span> <span class='ocrx_word' id='word_1_98' title='bbox 701 1939 874 1998; x_wconf 66' lang='lat' dir='ltr'>disiectum?</span> <span class='ocrx_word' id='word_1_99' title='bbox 915 1942 983 2008; x_wconf 87' lang='lat' dir='ltr'>Sed,</span> <span class='ocrx_word' id='word_1_100' title='bbox 1018 1958 1094 2016; x_wconf 84' lang='lat' dir='ltr'>quae</span> 
     </span>
     <span class='ocr_line' id='line_1_17' title="bbox 225 2040 1095 2115; baseline -0.002 -15"><span class='ocrx_word' id='word_1_101' title='bbox 225 2042 358 2106; x_wconf 75' lang='lat' dir='ltr'>cluvius,</span> <span class='ocrx_word' id='word_1_102' title='bbox 383 2041 486 2097; x_wconf 90' lang='lat' dir='ltr'>eadem</span> <span class='ocrx_word' id='word_1_103' title='bbox 501 2041 591 2098; x_wconf 90' lang='lat' dir='ltr'>ceteri</span> <span class='ocrx_word' id='word_1_104' title='bbox 606 2057 718 2115; x_wconf 85' lang='lat' dir='ltr'>quoque</span> <span class='ocrx_word' id='word_1_105' title='bbox 732 2050 864 2098; x_wconf 86' lang='lat' dir='ltr'>auctores</span> <span class='ocrx_word' id='word_1_106' title='bbox 879 2040 1049 2113; x_wconf 79' lang='lat' dir='ltr'>prodidere,</span> <span class='ocrx_word' id='word_1_107' title='bbox 1062 2045 1095 2098; x_wconf 87' lang='lat' dir='ltr'>at</span> 
     </span>
     <span class='ocr_line' id='line_1_18' title="bbox 222 2140 1104 2214; baseline -0.001 -16"><span class='ocrx_word' id='word_1_108' title='bbox 222 2141 299 2214; x_wconf 81' lang='lat' dir='ltr'>lama</span> <span class='ocrx_word' id='word_1_109' title='bbox 324 2143 380 2199; x_wconf 90' lang='lat' dir='ltr'>huc</span> <span class='ocrx_word' id='word_1_110' title='bbox 405 2140 550 2198; x_wconf 87' lang='lat' dir='ltr'>inclinat:</span> <span class='ocrx_word' id='word_1_111' title='bbox 571 2158 622 2196; x_wconf 85' lang='lat' dir='ltr'>seu</span> <span class='ocrx_word' id='word_1_112' title='bbox 642 2140 780 2213; x_wconf 88' lang='lat' dir='ltr'>concepit</span> <span class='ocrx_word' id='word_1_113' title='bbox 804 2140 902 2196; x_wconf 87' lang='lat' dir='ltr'>auimo</span> <span class='ocrx_word' id='word_1_114' title='bbox 923 2144 1036 2196; x_wconf 88' lang='lat' dir='ltr'>lantum</span> <span class='ocrx_word' id='word_1_115' title='bbox 1050 2141 1104 2197; x_wconf 56' lang='lat' dir='ltr'>irs-⁴</span> 
     </span>
    </p>
   </div>
   <div class='ocr_carea' id='block_1_5' title="bbox 124 2330 1104 3305">
    <p class='ocr_par' dir='ltr' id='par_1_5' title="bbox 222 2330 1103 2511">
     <span class='ocr_line' id='line_1_19' title="bbox 222 2330 1103 2412; baseline -0.002 -16"><span class='ocrx_word' id='word_1_116' title='bbox 222 2330 433 2396; x_wconf 43' lang='lat' dir='ltr'>meditatio‘in</span> <span class='ocrx_word' id='word_1_117' title='bbox 458 2354 494 2394; x_wconf 91' lang='lat' dir='ltr'>ea</span> <span class='ocrx_word' id='word_1_118' title='bbox 521 2339 586 2394; x_wconf 85' lang='lat' dir='ltr'>visa</span> <span class='ocrx_word' id='word_1_119' title='bbox 612 2343 666 2404; x_wconf 87' lang='lat' dir='ltr'>est,</span> <span class='ocrx_word' id='word_1_120' title='bbox 691 2356 774 2412; x_wconf 89' lang='lat' dir='ltr'>quae,</span> <span class='ocrx_word' id='word_1_121' title='bbox 799 2338 974 2410; x_wconf 84' lang='lat' dir='ltr'>puellaribus</span> <span class='ocrx_word' id='word_1_122' title='bbox 997 2337 1103 2406; x_wconf 64' lang='lat' dir='ltr'>annis,</span> 
     </span>
     <span class='ocr_line' id='line_1_20' title="bbox 222 2435 1103 2511; baseline -0.001 -18"><span class='ocrx_word' id='word_1_123' title='bbox 222 2443 351 2510; x_wconf 88' lang='lat' dir='ltr'>stuprum</span> <span class='ocrx_word' id='word_1_124' title='bbox 373 2455 440 2495; x_wconf 92' lang='lat' dir='ltr'>cum</span> <span class='ocrx_word' id='word_1_125' title='bbox 462 2439 585 2511; x_wconf 88' lang='lat' dir='ltr'>Lepido,</span> <span class='ocrx_word' id='word_1_126' title='bbox 610 2455 662 2510; x_wconf 87' lang='lat' dir='ltr'>epe</span> <span class='ocrx_word' id='word_1_127' title='bbox 684 2437 901 2503; x_wconf 88' lang='lat' dir='ltr'>dominationis,</span> <span class='ocrx_word' id='word_1_128' title='bbox 923 2435 1103 2503; x_wconf 72' lang='lat' dir='ltr'>admiserat,</span> 
     </span>
    </p>

    <p class='ocr_par' dir='ltr' id='par_1_6' title="bbox 190 2535 1104 2807">
     <span class='ocr_line' id='line_1_21' title="bbox 221 2535 1104 2610; baseline -0.001 -18"><span class='ocrx_word' id='word_1_129' title='bbox 221 2537 284 2610; x_wconf 86' lang='lat' dir='ltr'>pari</span> <span class='ocrx_word' id='word_1_130' title='bbox 298 2535 435 2609; x_wconf 88' lang='lat' dir='ltr'>cupidine</span> <span class='ocrx_word' id='word_1_131' title='bbox 456 2554 544 2610; x_wconf 90' lang='lat' dir='ltr'>usque</span> <span class='ocrx_word' id='word_1_132' title='bbox 565 2537 601 2593; x_wconf 93' lang='lat' dir='ltr'>ad</span> <span class='ocrx_word' id='word_1_133' title='bbox 616 2536 699 2592; x_wconf 90' lang='lat' dir='ltr'>libita</span> <span class='ocrx_word' id='word_1_134' title='bbox 721 2536 862 2593; x_wconf 87' lang='lat' dir='ltr'>Pallantis</span> <span class='ocrx_word' id='word_1_135' title='bbox 877 2536 1040 2609; x_wconf 83' lang='lat' dir='ltr'>provoluta,</span> <span class='ocrx_word' id='word_1_136' title='bbox 1060 2539 1104 2591; x_wconf 84' lang='lat' dir='ltr'>et·</span> 
     </span>
     <span class='ocr_line' id='line_1_22' title="bbox 190 2634 1101 2709; baseline -0.004 -15"><span class='ocrx_word' id='word_1_137' title='bbox 190 2636 353 2703; x_wconf 85' lang='lat' dir='ltr'>3exercila</span> <span class='ocrx_word' id='word_1_138' title='bbox 376 2636 412 2691; x_wconf 90' lang='lat' dir='ltr'>ad</span> <span class='ocrx_word' id='word_1_139' title='bbox 439 2652 525 2692; x_wconf 90' lang='lat' dir='ltr'>omne</span> <span class='ocrx_word' id='word_1_140' title='bbox 550 2634 691 2709; x_wconf 82' lang='lat' dir='ltr'>flagitium</span> <span class='ocrx_word' id='word_1_141' title='bbox 717 2635 811 2708; x_wconf 89' lang='lat' dir='ltr'>patrui</span> <span class='ocrx_word' id='word_1_142' title='bbox 838 2634 956 2708; x_wconf 84' lang='lat' dir='ltr'>nuptiis.</span> <span class='ocrx_word' id='word_1_143' title='bbox 999 2635 1101 2708; x_wconf 80' lang='lat' dir='ltr'>lgilur‘</span> 
     </span>
     <span class='ocr_line' id='line_1_23' title="bbox 221 2732 1102 2807; baseline -0.003 -14"><span class='ocrx_word' id='word_1_144' title='bbox 221 2736 304 2793; x_wconf 86' lang='lat' dir='ltr'>Nero</span> <span class='ocrx_word' id='word_1_145' title='bbox 328 2735 421 2791; x_wconf 86' lang='lat' dir='ltr'>vilare</span> <span class='ocrx_word' id='word_1_146' title='bbox 444 2739 572 2791; x_wconf 82' lang='lat' dir='ltr'>secretos</span> <span class='ocrx_word' id='word_1_147' title='bbox 587 2735 649 2791; x_wconf 89' lang='lat' dir='ltr'>eius</span> <span class='ocrx_word' id='word_1_148' title='bbox 663 2751 849 2807; x_wconf 82' lang='lat' dir='ltr'>congressus:</span> <span class='ocrx_word' id='word_1_149' title='bbox 880 2732 1102 2790; x_wconf 70' lang='lat' dir='ltr'>abscedentem</span> 
     </span>
    </p>

    <p class='ocr_par' dir='ltr' id='par_1_7' title="bbox 220 2832 1103 3206">
     <span class='ocr_line' id='line_1_24' title="bbox 221 2832 1103 2913; baseline -0.006 -21"><span class='ocrx_word' id='word_1_150' title='bbox 221 2835 253 2892; x_wconf 89' lang='lat' dir='ltr'>in</span> <span class='ocrx_word' id='word_1_151' title='bbox 267 2835 374 2900; x_wconf 87' lang='lat' dir='ltr'>hortus,</span> <span class='ocrx_word' id='word_1_152' title='bbox 388 2839 437 2890; x_wconf 90' lang='lat' dir='ltr'>aut</span> <span class='ocrx_word' id='word_1_153' title='bbox 453 2833 664 2913; x_wconf 76' lang='lat' dir='ltr'>Tusculanum,</span> <span class='ocrx_word' id='word_1_154' title='bbox 679 2835 728 2889; x_wconf 90' lang='lat' dir='ltr'>vel</span> <span class='ocrx_word' id='word_1_155' title='bbox 755 2832 907 2890; x_wconf 85' lang='lat' dir='ltr'>Antiatem</span> <span class='ocrx_word' id='word_1_156' title='bbox 928 2832 958 2889; x_wconf 91' lang='lat' dir='ltr'>in</span> <span class='ocrx_word' id='word_1_157' title='bbox 979 2841 1103 2905; x_wconf 65' lang='lat' dir='ltr'>ngmm,⁸</span> 
     </span>
     <span class='ocr_line' id='line_1_25' title="bbox 221 2929 1101 3007; baseline -0.003 -17"><span class='ocrx_word' id='word_1_158' title='bbox 221 2935 348 2999; x_wconf 84' lang='lat' dir='ltr'>laudare,</span> <span class='ocrx_word' id='word_1_159' title='bbox 363 2929 533 3007; x_wconf 79' lang='lat' dir='ltr'>quodetiam</span> <span class='ocrx_word' id='word_1_160' title='bbox 546 2930 699 2988; x_wconf 75' lang='lat' dir='ltr'>lacesseret.</span> <span class='ocrx_word' id='word_1_161' title='bbox 742 2931 901 2998; x_wconf 89' lang='lat' dir='ltr'>Postremo,</span> <span class='ocrx_word' id='word_1_162' title='bbox 916 2931 1101 3005; x_wconf 85' lang='lat' dir='ltr'>ubicumque&#39;</span> 
     </span>
     <span class='ocr_line' id='line_1_26' title="bbox 221 3012 1089 3105; baseline -0.005 -16"><span class='ocrx_word' id='word_1_163' title='bbox 221 3032 384 3099; x_wconf 88' lang='lat' dir='ltr'>haberetur,</span> <span class='ocrx_word' id='word_1_164' title='bbox 409 3047 598 3105; x_wconf 85' lang='lat' dir='ltr'>praegravem</span> <span class='ocrx_word' id='word_1_165' title='bbox 623 3034 709 3097; x_wconf 87' lang='lat' dir='ltr'>ratus,</span> <span class='ocrx_word' id='word_1_166' title='bbox 733 3030 898 3086; x_wconf 86' lang='lat' dir='ltr'>interficere</span> <span class='ocrx_word' id='word_1_167' title='bbox 917 3012 1089 3086; x_wconf 65' lang='lat' dir='ltr'>constituit}</span> 
     </span>
     <span class='ocr_line' id='line_1_27' title="bbox 220 3127 1100 3206; baseline -0.003 -18"><span class='ocrx_word' id='word_1_168' title='bbox 220 3132 362 3188; x_wconf 87' lang='lat' dir='ltr'>hactenus</span> <span class='ocrx_word' id='word_1_169' title='bbox 376 3132 554 3195; x_wconf 87' lang='lat' dir='ltr'>consultans,</span> <span class='ocrx_word' id='word_1_170' title='bbox 568 3145 677 3195; x_wconf 67' lang='lat' dir='ltr'>muno,</span> <span class='ocrx_word' id='word_1_171' title='bbox 691 3144 730 3184; x_wconf 86' lang='lat' dir='ltr'>un</span> <span class='ocrx_word' id='word_1_172' title='bbox 744 3127 840 3206; x_wconf 84' lang='lat' dir='ltr'>serra,</span> <span class='ocrx_word' id='word_1_173' title='bbox 854 3127 896 3184; x_wconf 83' lang='lat' dir='ltr'>uel</span> <span class='ocrx_word' id='word_1_174' title='bbox 908 3138 966 3203; x_wconf 76' lang='lat' dir='ltr'>qna</span> <span class='ocrx_word' id='word_1_175' title='bbox 977 3127 1039 3185; x_wconf 85' lang='lat' dir='ltr'>alio</span> <span class='ocrx_word' id='word_1_176' title='bbox 1052 3127 1100 3185; x_wconf 55' lang='lat' dir='ltr'>vi(</span> 
     </span>
    </p>

    <p class='ocr_par' dir='ltr' id='par_1_8' title="bbox 124 3228 1099 3305">
     <span class='ocr_line' id='line_1_28' title="bbox 124 3228 1099 3305; baseline -0.001 -18"><span class='ocrx_word' id='word_1_177' title='bbox 124 3258 131 3269; x_wconf 42' lang='lat' dir='ltr'>x</span> <span class='ocrx_word' id='word_1_178' title='bbox 220 3230 386 3305; x_wconf 88' lang='lat' dir='ltr'>placuitque</span> <span class='ocrx_word' id='word_1_179' title='bbox 398 3228 490 3302; x_wconf 89' lang='lat' dir='ltr'>primo</span> <span class='ocrx_word' id='word_1_180' title='bbox 501 3245 657 3285; x_wconf 88' lang='lat' dir='ltr'>venenum.</span> <span class='ocrx_word' id='word_1_181' title='bbox 701 3229 760 3284; x_wconf 88' lang='lat' dir='ltr'>Sed</span> <span class='ocrx_word' id='word_1_182' title='bbox 774 3228 851 3283; x_wconf 90' lang='lat' dir='ltr'>inter</span> <span class='ocrx_word' id='word_1_183' title='bbox 862 3230 962 3300; x_wconf 86' lang='lat' dir='ltr'>epulas</span> <span class='ocrx_word' id='word_1_184' title='bbox 977 3229 1099 3286; x_wconf 73' lang='lat' dir='ltr'>Primi-¹</span> 
     </span>
    </p>
   </div>
   <div class='ocr_carea' id='block_1_6' title="bbox 218 3400 1091 3515">
    <p class='ocr_par' dir='ltr' id='par_1_9' title="bbox 218 3400 1091 3515">
     <span class='ocr_line' id='line_1_29' title="bbox 248 3400 1091 3471; baseline -0.002 -21"><span class='ocrx_word' id='word_1_185' title='bbox 248 3403 365 3465; x_wconf 79' lang='lat' dir='ltr'>Eoeercitu]</span> <span class='ocrx_word' id='word_1_186' title='bbox 398 3403 501 3451; x_wconf 85' lang='lat' dir='ltr'>Pricaeus</span> <span class='ocrx_word' id='word_1_187' title='bbox 520 3403 550 3448; x_wconf 88' lang='lat' dir='ltr'>ad</span> <span class='ocrx_word' id='word_1_188' title='bbox 569 3401 636 3461; x_wconf 88' lang='lat' dir='ltr'>Apul</span> <span class='ocrx_word' id='word_1_189' title='bbox 659 3400 719 3447; x_wconf 85' lang='lat' dir='ltr'>Met.</span> <span class='ocrx_word' id='word_1_190' title='bbox 739 3404 797 3461; x_wconf 67' lang='lat' dir='ltr'>lap</span> <span class='ocrx_word' id='word_1_191' title='bbox 800 3404 875 3448; x_wconf 77' lang='lat'>..563</span> <span class='ocrx_word' id='word_1_192' title='bbox 896 3401 947 3449; x_wconf 85' lang='lat' dir='ltr'>vult</span> <span class='ocrx_word' id='word_1_193' title='bbox 962 3400 1091 3471; x_wconf 76' lang='lat' dir='ltr'>eneroitutn</span> 
     </span>
     <span class='ocr_line' id='line_1_30' title="bbox 218 3416 828 3515; baseline -0.005 -6"><span class='ocrx_word' id='word_1_194' title='bbox 218 3465 297 3515; x_wconf 67' lang='lat' dir='ltr'>seduc</span> <span class='ocrx_word' id='word_1_195' title='bbox 270 3478 416 3510; x_wconf 70' lang='lat' dir='ltr'>manuacense</span> <span class='ocrx_word' id='word_1_196' title='bbox 450 3416 828 3514; x_wconf 36' lang='lat' dir='ltr'>Sicanimetlfflllllwtletc</span> 
     </span>
    </p>
   </div>
   <div class='ocr_carea' id='block_1_7' title="bbox 249 3539 860 3605">
    <p class='ocr_par' dir='ltr' id='par_1_10' title="bbox 249 3539 860 3605">
     <span class='ocr_line' id='line_1_31' title="bbox 249 3539 860 3605; baseline -0.008 -13"><span class='ocrx_word' id='word_1_197' title='bbox 249 3546 328 3593; x_wconf 82' lang='lat' dir='ltr'>Otium</span> <span class='ocrx_word' id='word_1_198' title='bbox 345 3543 490 3605; x_wconf 75' lang='lat' dir='ltr'>lacesseret]&#39;</span> <span class='ocrx_word' id='word_1_199' title='bbox 483 3559 498 3589; x_wconf 88' lang='grc' dir='ltr'>ι.</span> <span class='ocrx_word' id='word_1_200' title='bbox 509 3557 530 3590; x_wconf 92' lang='lat' dir='ltr'>e</span> <span class='ocrx_word' id='word_1_201' title='bbox 545 3546 678 3605; x_wconf 83' lang='lat' dir='ltr'>capesseret,</span> <span class='ocrx_word' id='word_1_202' title='bbox 696 3539 753 3587; x_wconf 87' lang='lat' dir='ltr'>uti&#39;</span> <span class='ocrx_word' id='word_1_203' title='bbox 745 3556 789 3587; x_wconf 78' lang='lat' dir='ltr'>unes</span> <span class='ocrx_word' id='word_1_204' title='bbox 782 3541 860 3603; x_wconf 87' lang='lat' dir='ltr'>peret.</span> 
     </span>
    </p>
   </div>
   <div class='ocr_carea' id='block_1_8' title="bbox 0 0 1260 4292">
    <p class='ocr_par' dir='ltr' id='par_1_11' title="bbox 0 0 1260 4292">
     <span class='ocr_line' id='line_1_32' title="bbox 0 0 1260 4292; baseline 0 3"><span class='ocrx_word' id='word_1_205' title='bbox 0 0 1260 4292; x_wconf 95' lang='lat' dir='ltr'> </span> 
     </span>
    </p>
   </div>
  </div>
 </body>
</html>
