2509 4292
120 385 153 432 s
172 383 202 431 c.
218 386 257 430 cn.
374 381 442 428 sis.
467 379 525 427 xv.
576 378 656 426 car.
683 358 851 428 a7.-5tl.
953 357 1001 427 m

121 536 262 595 Senecio
296 541 326 592 et
368 534 562 608 Quinctinnus
596 532 705 607 passim
739 533 874 591 conscios
905 536 1002 603 edere,

122 637 223 708 magis
248 636 397 708 magisque
426 635 534 707 pavido
568 634 698 701 Nerone,
717 650 889 709 quamquam
910 636 1003 692 multi·

123 735 248 809 plicatis
279 734 413 791 excubiis
427 742 519 790 semet
546 734 695 805 sepsisset.
737 733 816 804 Quin
839 738 870 789 et
895 735 1003 801 urbem,
1014 731 1055 788 58

124 851 181 906 per
211 834 374 904 manipulos
400 833 552 904 occupatis
580 832 742 895 moenibus,
772 831 882 888 istesso
915 833 1005 891 etiem

127 933 205 988 mari
225 939 256 988 et
280 950 377 997 amne,
398 934 478 987 velut
512 931 541 988 in
560 930 731 988 ,custodiam
758 931 850 987 dedit.
891 930 1004 988 Volita-

125 1032 260 1105 bantque
275 1050 326 1103 per
346 1033 417 1095 lora,
438 1049 489 1104 per
507 1032 618 1095 domos,
641 1047 706 1086 rurs
726 1047 838 1104 quoque
859 1036 889 1086 el
910 1030 1005 1103 proxi·

123 1149 174 1189 ma
192 1131 428 1203 municipiorum,
443 1131 555 1203 pedites
574 1130 751 1204 equitesque,
773 1129 910 1202 permixti
932 1130 1004 1186 Ger·

122 1230 237 1296 manis,
272 1231 372 1303 quibus
407 1230 513 1286 fidebat
557 1229 708 1299 Princeps,
741 1229 822 1303 quasi
862 1230 1002 1286 externis.

124 1329 284 1388 Cuntinus
307 1329 375 1385 binc
403 1335 432 1385 et
463 1329 562 1387 iuncta
592 1329 710 1398 agmina
730 1328 805 1384 trabi
835 1345 870 1385 ac
897 1329 1003 1386 loribus

123 1429 280 1485 hortorum
300 1427 444 1484 adiacere.
489 1428 596 1501 Atque,
615 1426 666 1483 ubl
685 1426 839 1484 dicendam
864 1428 900 1484 ad
923 1444 1003 1484 caus·

123 1522 191 1584 snm
208 1527 386 1589 introissent,
401 1524 533 1583 minum
545 1542 617 1600 erga
630 1524 797 1593 coniuratos,
811 1525 1006 1603 redforlnt'tns

123 1643 222 1683 sarano
241 1623 366 1681 etenbr'ts‘
386 1641 526 1683 murreus.
549 1623 750 1694 namnidans,
770 1624 798 1681 ri
819 1624 1004 1702 spectumlsnn

124 1722 218 1782 simul
241 1722 368 1790 inissent,
381 1742 433 1796 pro
454 1725 576 1781 crimino
597 1723 712 1807 acclqri:
732 1743 799 1782 curn
812 1744 899 1798 super
913 1727 1004 1783 Nero

121 1826 173 1883 nis
191 1841 227 1880 ac
243 1823 391 1895 Tigellini
404 1841 510 1880 saevas
523 1824 789 1895 percunctationes,
804 1825 916 1881 Penius
935 1841 1003 1898 quo·

124 1941 184 1998 que
211 1922 304 1979 liuius
330 1922 476 1979 violenter
502 1930 626 1996 urgeret,
647 1925 775 1980 nondum
800 1925 836 1979 ab
857 1923 1005 1979 indicibus

129 2023 308 2087 nominatus,
335 2023 397 2087 sed,
418 2040 475 2095 quo
496 2023 582 2078 tidem
612 2021 749 2078 inscitiae
775 2026 898 2093 pararet,
918 2025 1003 2077 strux

126 2122 272 2178 adversus
303 2120 408 2177 socios.
452 2121 533 2177 idem
569 2119 676 2176 Subrio
711 2118 819 2175 Flavio
851 2118 1003 2175 adsistenti

128 2221 338 2293 adnuentique,
362 2237 399 2275 sn
422 2218 610 2292 interipsum
632 2216 833 2290 cognitionem
846 2216 1003 2291 destringe-

126 2325 172 2376 ret
200 2317 338 2392 gladium,
358 2319 535 2391 caedemque
550 2322 687 2389 patraret,
707 2315 812 2381 renuit,
826 2314 1005 2389 infregitque

124 2417 260 2490 inpetum
274 2417 332 2473 iam
347 2433 464 2473 manum
486 2417 523 2472 sd
545 2417 682 2489 capulum
696 2413 856 2471 referentis.
899 2414 1002 2484 Fuere,
1013 2413 1054 2471 59

125 2516 177 2591 qui
191 2516 306 2588 prodita
320 2515 529 2581 coniuratione,
541 2517 610 2570 dum
631 2514 746 2571 auditur
771 2513 1002 2582 ildimundum

125 2615 243 2673 dubitat
266 2614 420 2679 Scevinns‚
436 2615 617 2670 hortarentur
641 2614 788 2682 Pisonem,
812 2619 949 2688 ‘pergere
969 2613 1003 2673 iu

126 2720 255 2779 ‘castren
275 2719 325 2770 aut
348 2718 439 2769 rostra
460 2715 627 2779 escendere,
651 2713 802 2787 studiaque
826 2714 949 2771 militum
970 2719 1002 2771 et

126 2812 250 2886 ‘populi
264 2818 386 2878 tentare,
397 2811 422 2867 si
433 2811 585 2868 conatibus
599 2811 662 2868 eius
686 2813 798 2870 conscii
812 2813 1000 2888 adgregsren·

125 2917 200 2975 ‘tur,
224 2914 374 2966 secuturos
397 2910 487 2966 etiam
510 2909 659 2982 integros:
692 2928 881 2985 magnamque
904 2917 1000 2968 motas

126 3008 191 3065 ‘rei
204 3008 321 3075 lamam,
334 3025 408 3083 quae
423 3009 575 3081 plurimum
590 3009 620 3065 in
633 3009 718 3065 novis
732 3009 864 3066 consiliis
880 3011 1000 3066 voleret.

123 3108 232 3164 ‘Nihil
246 3108 402 3164 adversum
417 3108 472 3164 buc
499 3107 610 3164 Neroni
625 3106 782 3180 provisum.
807 3107 898 3163 etiam
913 3105 1000 3162 lones

124 3207 225 3264 ‘viros
240 3205 344 3263 subitis
360 3207 480 3275 terreri3
500 3207 605 3263 nedum
621 3206 673 3262 ille
687 3204 832 3271 scenicus,
848 3201 1000 3277 Tigellino

123 3304 261 3362 ‘scilicet
275 3321 344 3360 cum
360 3303 513 3376 pellicibus
536 3305 596 3361 suis
609 3303 780 3367 comitante,
803 3319 883 3358 arms
897 3309 1001 3360 contra

125 3403 245 3461 ‘cieret
290 3402 387 3459 Multa
411 3403 590 3475 experiendo
612 3400 743 3463 confieri,
766 3417 839 3473 quae
863 3400 1000 3474 segnibus

126 3504 235 3560 ‘ardua
250 3502 418 3561 videantur.
460 3501 578 3558 Frustra
600 3498 750 3556 silentium
764 3504 794 3555 el
812 3498 897 3557 fidem
911 3500 942 3557 iu
957 3505 999 3558 tot

124 3603 331 3661 ‘consciorum
356 3598 463 3656 animis
476 3605 506 3657 el
520 3597 688 3672 corporibus
702 3597 819 3672 sperari.
860 3600 999 3658 cruciatu

123 3708 195 3762 «aut
224 3698 367 3777 praemio,
386 3698 494 3756 cuncta
520 3698 623 3773 pervia
650 3714 722 3754 esse.
763 3698 921 3768 Venturos,
950 3698 1000 3773 qui
