2509 4292
94 362 222 411 nnnc
315 362 386 424 nra.
413 364 463 412 nr.
515 364 593 412 cnr.
620 304 793 413 tile-64.¹
895 349 968 416 305

91 534 175 583 rone,
207 520 290 573 velut
324 536 361 576 ex
394 519 581 586 necessitate,
617 537 686 577 mox
717 525 833 594 sponte,
864 521 969 580 mimos

95 616 249 682 actitavit,
268 617 343 673 scite
375 619 467 692 magis
487 636 572 692 quam
593 621 691 692 probe.
733 619 861 692 Legatos
883 620 969 693 legio·

90 714 138 772 nis
151 715 185 771 'et
207 715 286 771 iuvit
300 716 473 790 Verginium
488 723 517 773 et
539 717 701 774 infamavit.
744 718 899 775 Fonteium
914 718 969 775 Ca-

29 881 32 890 *
92 814 230 889 pitonem
261 826 442 887 conruptnru,
475 835 526 873 seu
557 818 624 891 qnia
652 834 843 889 conrumpere
872 816 970 890 nequi·

92 920 191 979 verat,
223 914 378 970 interiecit.
420 915 535 972 Galbae
564 917 713 988 proditor:
743 915 870 972 Vitellio
897 915 969 972 lidus

92 1017 124 1069 et
154 1012 278 1069 aliorum
304 1014 423 1084 pertidia
454 1013 631 1071 inlustratus.
681 1016 814 1086 Abrupta
842 1013 1024 1088 undiqnedd

95 1128 163 1183 spe,
197 1111 380 1168 Vitellianus
413 1114 505 1180 miles,
536 1113 705 1170 transiturus
738 1114 769 1170 in
804 1091 909 1186 partes,
938 1111 969 1168 id

91 1228 210 1285 quoque
225 1228 283 1266 non
307 1211 372 1267 sine
395 1213 510 1278 decore,
531 1215 582 1268 sed
606 1215 660 1268 sub
680 1211 771 1285 signis
793 1212 968 1285 vexillisque

91 1307 124 1364 in
147 1308 295 1366 subiectos
326 1311 455 1366 Narniae
479 1328 597 1381 campos
620 1311 807 1366 descendere.
850 1310 969 1366 Flavin-

89 1424 148 1464 nus
183 1407 341 1474 exercitus,
375 1414 405 1465 ut
436 1410 472 1464 ad
508 1409 658 1482 proelium,
679 1409 807 1466 intentus
840 1417 969 1465 ornatus·

91 1507 159 1578 que,
181 1506 280 1562 densis
304 1505 384 1562 circa
413 1507 490 1563 viam
518 1509 676 1572 ordinibus,
703 1507 864 1563 adstiterat.
910 1510 969 1566 Ac·

91 1586 176 1677 cepti
191 1601 221 1660 in
249 1603 375 1661 medium
401 1606 568 1662 Vitelliani.
590 1613 619 1661 et
644 1605 836 1662 circumdatos
856 1606 969 1664 Primus

95 1702 249 1763 Antonius
272 1705 434 1761 clementer
457 1704 629 1778 adloquitur.
644 1711 727 1776 ‘pars
742 1704 880 1771 Narniae,
903 1723 968 1777 pars

93 1804 302 1860 ‘Interamnae
324 1801 490 1859 subsistere’
514 1803 593 1859 iussi.
614 1803 736 1861 relictae
763 1804 848 1861 simul
869 1823 886 1860 e
908 1805 968 1862 vic·

93 1899 218 1957 iricibus
234 1899 373 1973 legiones,
399 1919 492 1974 neque
514 1892 735 1975 'quiescentibus
748 1921 862 1977 graves,
876 1911 904 1960 et
919 1905 968 1960 ud·

93 2016 198 2055 versus
224 2000 439 2057 contumaciam
457 2001 580 2057 validae.
623 2002 692 2057 Non
706 2002 831 2057 omisere
854 2019 905 2073 per
917 2018 968 2059 eos

90 2098 157 2159 dies
184 2099 298 2155 Primus
321 2116 356 2155 ac
380 2098 484 2165 Varus,
509 2098 619 2155 crebris
648 2099 757 2154 nuntiis
772 2100 913 2155 ‘salntem
937 2104 968 2157 et

91 2197 266 2272 ‘pecuniam
276 2204 306 2252 et
321 2202 433 2253 secreta
447 2195 637 2266 Campaniae'
651 2196 752 2253 offerre
766 2196 898 2261 Vitellio,
912 2185 978 2271 ‘si,¹

25 2331 29 2334 Δ
91 2303 100 2330 ⁴
113 2296 217 2370 positis
231 2295 329 2361 armis,
353 2313 441 2370 seque
455 2313 490 2351 sc
506 2293 611 2352 liberos
625 2287 694 2352 snos
707 2295 891 2366 Vespasiano
904 2314 969 2370 per«

93 2375 263 2452 ‘misisset'
305 2394 340 2451 ln
364 2394 489 2451 eundem
514 2396 630 2454 modum
654 2400 685 2451 et
710 2393 869 2451 Mucianus·
889 2412 967 2452 oom-

93 2492 192 2568 posuit
216 2492 372 2565 epistolas:
393 2493 495 2567 quibus
516 2496 682 2570 plenumque
704 2494 793 2551 fidere
817 2493 968 2561 Vitellius,

94 2608 131 2649 ac
146 2593 203 2647 ‘de
223 2609 342 2648 numero
363 2609 520 2660 servornm,
548 2593 694 2650 electione
721 2592 855 2658 litorum?
879 2594 967 2670 loqui.

95 2689 200 2749 Tanta
220 2691 341 2762 torpedo
365 2690 513 2748 invaserat
534 2692 672 2759 animum,
686 2698 727 2760 ut,
748 2693 774 2751 si
798 2693 966 2768 Principem

93 2806 162 2847 eum
186 2787 276 2845 luisse
303 2789 396 2846 ceteri
418 2807 476 2848 non
498 2791 708 2878 meminissent,
728 2792 791 2865 ipse
810 2794 965 2852 oblivisce·

94 2896 185 2947 retur.

145 2988 189 3046 At
224 2988 363 3062 primores
372 2961 506 3050 ‘civitatis
539 2989 680 3050 Flavium
709 2989 859 3055 Sabinum,
880 2989 1018 3058 Prae-64

92 3086 204 3144 lectum
220 3075 441 3155 urbin'secretis
460 3088 641 3145 sermonibus
665 3086 839 3150 incitabant,
853 3090 861 3117 ‘
874 3086 965 3143 victo·

92 3187 175 3242 ‘riae
188 3186 339 3260 iamneque
358 3193 469 3259 partem
482 3192 657 3258 capesseret.
679 3202 743 3241 esse
758 3184 802 3241 illi
821 3184 966 3257 proprium

92 3285 239 3342 ‘militem
253 3285 416 3344 cohortium
440 3286 628 3344 urbanarum:
652 3300 707 3341 nee
732 3283 877 3341 defuturas
891 3284 964 3357 vigi-

92 3384 172 3441 ‘lnm
186 3384 332 3451 cohortes,
345 3383 467 3440 servitia
480 3383 615 3455 ipsorum,
631 3383 774 3439 fortunam
789 3381 920 3454 partium,
934 3387 965 3440 et

92 3482 210 3541 ‘omnia
225 3500 315 3555 prona
330 3480 499 3540 victoribus.
512 3500 549 3540 ne
562 3482 695 3540 Antonio
705 3481 842 3555 Veroque
855 3482 892 3538 de
906 3484 965 3556 glo-

91 3580 153 3641 ‘ris
166 3582 353 3643 concederet.
394 3582 508 3644 Paneas
524 3580 650 3642 Vitellio
663 3582 808 3658 cobortes,
827 3588 857 3641 et
871 3601 964 3650 moen
