2509 4292
95 350 122 396 s.
136 347 163 396 c.
180 350 219 395 ea,
331 347 402 394 nm.
419 347 477 395 xv.
528 347 608 394 car.
626 329 794 421 52-54.
917 331 965 401 83

96 500 175 557 tione
210 499 319 574 integri
352 507 460 569 essem,
491 500 597 575 quique
640 502 842 561 miserarentur
874 505 966 565 Neru-

96 617 171 663 uem,
203 604 351 673 tamquam
382 617 432 671 per
459 602 555 656 scelus
574 600 769 658 interiectum.
824 603 967 677 Plerique,

95 698 235 755 ‘Vestini
256 715 368 772 quoque
393 698 530 755 Consulis
556 715 623 755 scra
648 699 798 772 ingenium
825 700 967 758 vitavisse

95 795 260 854 tPisonem'
281 797 474 863 crediderunt,
488 803 496 829 ⁴
509 814 546 854 ne
559 797 597 853 ad
611 797 776 853 libertatem
792 788 967 867 moreretur,

96 892 150 962 uel,
163 893 261 951 delecto
277 894 448 969 Imperatore
468 892 538 960 ulio,
551 894 596 950 sui
618 893 743 950 Μνησὶς
757 893 968 970 Βηημιόὶίσω

20 1046 21 1065 ,
87 993 207 1073 fuceret.
248 993 368 1049 Etenim
382 1010 487 1063 expers
507 993 717 1050 coniurationis
731 1002 811 1051 eretz
832 994 966 1067 quamvis

44 1150 49 1162 ,
96 1110 180 1165 super
190 1109 229 1147 eo
240 1091 365 1147 erimine
382 1093 461 1146 Nero
471 1098 554 1147 vetus
564 1092 701 1147 adversus
713 1092 859 1149 insontem
868 1092 967 1149 odium

97 1190 274 1262 expleverit.
315 1188 452 1245 Tandem
472 1195 608 1255 statuere,
628 1189 802 1246 circensium
836 1184 1018 1248 ludorumbd

97 1291 153 1353 die,
177 1289 229 1362 qui
254 1287 356 1344 Cereri
377 1289 548 1369 celebratur,
570 1288 691 1361 exsequi
713 1288 878 1345 destinate:
897 1290 966 1363 quin

98 1389 218 1452 Caesar,
243 1404 323 1442 rarus
347 1404 474 1459 egressu,
493 1387 636 1459 domoque
656 1393 704 1459 unt
730 1386 819 1443 bortis
842 1389 966 1456 clausus,

99 1488 134 1543 nd
166 1487 280 1542 ludicra
311 1485 384 1542 circi
406 1485 578 1550 ventitabat,
600 1484 844 1558 promptioresque
871 1486 965 1543 editus

97 1591 181 1642 erant
207 1584 320 1641 laetitia
340 1584 509 1657 spectaculi.
551 1583 692 1639 Ordinem
715 1583 830 1639 insidiis
851 1599 966 1656 compo·

96 1689 229 1750 suerent,
250 1690 301 1738 ‘ut
326 1684 496 1744 Lateranus,
510 1682 591 1756 qussi
606 1681 765 1738 subsidium
779 1682 820 1738 rei
830 1680 966 1740 familiari
1003 1740 1010 1756 ,

94 1782 223 1844 ‘oraret
247 1783 486 1853 deprecabundus
512 1786 542 1836 et
569 1779 692 1853 genibus
716 1779 861 1853 Principis
888 1780 965 1838 acci·

96 1882 203 1945 ‘deun
231 1886 425 1951 prosterneret
453 1880 600 1935 incautum
635 1885 842 1951 memoretque,
874 1878 966 1935 enimi

99 1979 235 2034 ‘validus
249 1983 280 2034 et
304 1995 424 2049 corpore
438 1976 551 2049 iugens.
593 1977 672 2034 Tum
686 1977 832 2034 iacentem
842 1982 873 2033 et
887 1977 967 2048 inpe-

97 2063 212 2132 ⁴ditum
227 2075 352 2131 ‘Pribuni
368 2081 397 2131 et
413 2076 607 2132 Centuriones
621 2081 651 2130 et
665 2082 835 2139 ceterorum,
848 2079 880 2130 ut
892 2073 968 2146 quis·

97 2179 112 2233 .‘
126 2193 182 2248 que
189 2175 345 2230 audentiae
351 2173 506 2238 habuisset,
514 2179 700 2230 accurrerent
710 2170 941 2243 trucidarentque
949 2168 967 2228 ι’

101 2273 214 2347 primas
230 2272 286 2328 sibi
310 2278 405 2343 portes
426 2275 629 2344 expostulante
655 2269 794 2333 Scevino,
809 2268 858 2342 qui
871 2269 968 2341 pugio·

99 2389 171 2430 nem
186 2372 296 2440 templo
325 2369 433 2426 Salutis
457 2364 655 2445 (inliberrim)
675 2368 751 2434 sive,
763 2373 795 2424 ut
809 2368 860 2425 alii
883 2368 968 2426 trudi·

94 2470 182 2536 dere,
226 2469 385 2534 Fortunae,
409 2469 570 2524 Ferentino
591 2467 621 2524 in
649 2465 767 2540 oppido,
793 2469 968 2535 detraxerat,

97 2568 293 2642 gestabatque
318 2568 400 2622 velut
426 2583 532 2638 magno
554 2566 634 2638 operi
659 2552 780 2623 sacrum.
823 2567 967 2625 ‘iuterim

96 2666 191 2743 ‘Piso
216 2666 292 2737 apud
316 2665 419 2720 aedem
444 2663 560 2722 Cereris
586 2664 774 2737 opperiretur,
797 2665 873 2723 unde
900 2684 967 2725 eum

95 2762 291 2821 ‘Praefectus
313 2763 422 2819 Penius
436 2768 467 2818 et
480 2761 572 2833 ceteri
593 2762 719 2820 accitum
741 2763 847 2822 terrent
861 2764 891 2822 in
904 2782 967 2822 cas-

99 2866 175 2928 ‘tre,
199 2860 359 2917 eomitante
381 2860 521 2927 Antonin,
542 2862 817 2920 Claudiictresaris
841 2863 909 2928 tilia,
930 2864 968 2920 sd

98 2959 299 3017 ‘eliciendum
315 2959 395 3032 vulgi
413 2957 568 3015 levorem?
584 2961 662 3033 'quod
684 2960 720 3017 G.
736 2960 848 3017 Plinius
863 2977 968 3017 memo·

96 3062 155 3116 rat.
200 3057 297 3113 Nobis
311 3074 423 3130 quoquo
442 3058 529 3113 modo
549 3057 684 3114 traditum
704 3075 763 3115 non
776 3060 923 3115 occultare
937 3056 970 3114 in

99 3157 202 3213 animo
216 3155 281 3222 luit,
296 3156 428 3228 quamvls
450 3155 602 3211 absurdum
618 3154 773 3223 videretur,
786 3160 836 3212 aut
850 3155 970 3210 inanem

97 3256 139 3313 nd
152 3272 236 3327 spem
256 3254 416 3311 Antoniam
439 3271 544 3310 nomen
568 3259 599 3310 et
623 3254 783 3325 perieulum
806 3251 970 3308 commoda·

101 3354 192 3422 visse,
206 3358 257 3410 nut
273 3352 423 3417 Pisonem,
444 3360 545 3410 notum
568 3369 667 3409 umore
681 3353 788 3416 uxoris,
802 3349 852 3405 alii
875 3347 971 3405 matri·

98 3451 201 3508 monio
229 3469 262 3508 se
291 3449 499 3508 obstrinxisse:
535 3450 591 3509 nisi
617 3450 644 3507 si
671 3448 776 3518 cupido
799 3445 971 3504 dominandi

94 3549 217 3608 cunctis
230 3547 395 3608 adfectibus
408 3547 574 3624 flagrantior
585 3554 638 3606 est
681 3547 740 3606 Sed
761 3547 872 3617 mirum,
885 3561 970 3623 quum
981 3551 1023 3612 54
