2509 4292
221 283 223 288 ’
300 299 349 366 74
622 316 807 366 suasurum
1020 321 1049 368 s.
1066 321 1094 369 v.
1109 322 1160 370 ara.

299 471 384 529 ‘rina
409 468 611 544 depressuros,'
645 472 846 542 promiserant,
882 472 1029 546 squalenti
1062 474 1161 540 littore,

299 576 349 629 aut
364 588 414 643 per
427 574 539 627 montes
553 572 699 627 adversos.
714 587 807 644 oeque
828 570 906 627 euim
921 570 1002 628 alind
1015 571 1158 628 humidum
1219 564 1220 637 l

299 669 454 746 gignendis
476 668 557 743 aquis
571 667 706 734 occurrit,
727 685 814 743 qnam
834 668 1008 741 Pomptinae
1032 671 1159 742 paludes:
1219 646 1220 657 ἵ

299 773 400 828 cetera
423 768 554 839 abrupta,
583 772 633 823 aut
661 767 795 824 arentia:
817 785 863 833 ac,
887 769 912 826 si
937 768 1081 843 perrumpi
1104 785 1159 840 pos·

301 873 377 932 seut,
402 865 603 923 intolerandus
630 867 723 933 labor,
750 883 804 922 nec
826 867 898 923 satis
913 884 1046 924 caussae.
1087 866 1158 922 Nero

300 970 409 1030 tameo,
429 972 460 1020 nt
474 968 537 1020 erat
557 963 776 1021 incredibilium
790 964 913 1037 curritor,
933 965 1060 1022 effodere
1082 980 1156 1037 pror-

301 1064 361 1122 ima
386 1064 505 1120 Averno
529 1060 594 1135 iuga
608 1062 755 1119 connixus
780 1069 845 1119 est:
867 1070 1045 1137 manentque
1080 1060 1157 1117 vesti·

247 1155 350 1239 sagis
363 1160 468 1217 inritae
495 1160 567 1232 spei.
622 1161 770 1226 Ceterum,
790 1160 867 1217 urbis
899 1178 977 1234 quae
1005 1160 1099 1217 domui
1117 1175 1156 1215 su·

302 1265 446 1334 perorant,
467 1275 526 1315 non
546 1262 578 1316 ut
598 1264 663 1331 post
694 1259 812 1316 Gallica
833 1258 981 1325 incendia,
1013 1262 1089 1327 nulla
1107 1256 1158 1314 dis·

298 1357 451 1424 tinctione,
472 1373 528 1413 neo
558 1357 665 1429 passim
680 1363 787 1423 erecta,
808 1358 859 1413 sed
873 1357 1016 1414 dimensis
1038 1358 1157 1413 vicorum

302 1456 451 1514 ordinibus
469 1460 500 1512 et
520 1455 586 1512 latis
610 1454 721 1511 viarum
741 1455 854 1527 spatiis,
880 1455 1070 1530 cohibitaque
1089 1453 1158 1510 aedi·

302 1555 432 1613 liciorum
446 1554 610 1619 altitudine,
625 1570 661 1609 ac
671 1554 823 1624 patefactis
837 1553 921 1620 areis,
931 1555 1091 1628 additisque
1104 1568 1158 1624 por·
1222 1616 1224 1639 4

301 1647 416 1715 tioibns,
435 1666 509 1723 quae
539 1648 663 1705 frontem
683 1647 838 1705 insularum
858 1654 1052 1723 protegerent.
1089 1647 1157 1705 ‘Eas
1223 1656 1224 1659 ’

301 1744 470 1820 ‘porticum’
501 1747 591 1812 Nero,
621 1751 692 1802 ‘sua
713 1746 836 1818 pecunia
863 1752 1084 1812 exstructurum,
1103 1761 1158 1818 pur·

301 1848 457 1920 ‘galeaque
484 1860 566 1900 areas
589 1843 716 1899 dominis
740 1843 928 1911 traditurum,'
954 1846 1156 1918 pollicitusest.
1224 1892 1225 1901 ,

302 1946 427 2006 Addidit
447 1947 580 2020 praemia,
595 1962 647 2018 pro
666 1945 804 2021 cuiusque
818 1946 918 2004 ordine
932 1956 964 2005 et
985 1948 1028 2005 rei
1046 1944 1157 2004 familia·

301 2046 341 2105 ris
371 2046 480 2120 copiis:
500 2044 654 2117 finivitque
687 2051 806 2116 tempus,
844 2047 921 2102 iutra
949 2047 1027 2121 quod
1055 2042 1157 2102 effectis

300 2145 433 2203 domibus
453 2148 504 2201 aut
534 2143 636 2200 insulis
657 2142 894 2215 adipiscerentur.
936 2143 1067 2201 ‘Roderi
1085 2140 1155 2199 acci·

302 2242 432 2317 ‘piendo
464 2241 615 2301 Ostienses
658 2240 786 2312 paludes’
819 2243 995 2310 destinabat,
1037 2241 1156 2313 ‘utique

301 2346 424 2408 ‘naves,
461 2359 535 2416 quae
576 2338 751 2395 trumentum
791 2339 896 2396 'l'iberi
929 2342 1154 2402 subvectassent,

302 2445 446 2495 ‘onustae
477 2438 578 2494 rudere
606 2438 820 2494 decurrerent:
862 2438 1052 2512 aedificiaque
1093 2436 1158 2508 ipsa,

303 2541 313 2568 ‘
325 2542 406 2593 certa
435 2535 480 2591 soi
521 2540 612 2606 parte,
647 2535 712 2591 sins
762 2535 898 2603 trabibus,
937 2554 1012 2594 saxo
1051 2533 1158 2592 Gabino

303 2634 480 2691 ‘Albanove
507 2632 699 2692 solidarentur
708 2634 727 2691 :'
767 2636 842 2707 quod
875 2635 901 2691 is
936 2635 1010 2709 lapis
1049 2633 1156 2709 ignibus

301 2730 450 2805 inpervius
480 2737 534 2789 est.
588 2734 675 2790 ‘lam
708 2750 790 2808 aqua,
824 2732 1002 2806 privatorum
1043 2730 1157 2790 licentis

301 2830 493 2902 ‘intercepta‚
533 2848 591 2905 quo
631 2832 737 2905 largior
785 2837 815 2888 et
855 2832 983 2906 pluribus
1025 2830 1094 2889 locis
1129 2826 1158 2882 iu

301 2928 471 3004 ‘publicum
494 2930 604 2998 flueret,
631 2926 777 2999 custodes,
806 2936 836 2988 et
856 2931 984 2988 subsidia
1013 2929 1157 3003 reprimen-

330 3105 444 3166 Sqwleats‘
454 3105 528 3165 litora]
561 3105 631 3151 tuest
647 3104 719 3160 arido,
737 3104 784 3150 sine
801 3105 924 3160 arboribus,
941 3108 982 3151 aut
995 3102 1158 3156 fontinianos

218 3179 222 3186 ’
301 3166 384 3220 herbis,
394 3171 417 3210 et
427 3166 508 3212 nedum
518 3178 584 3225 aqua,
593 3163 654 3209 omui
663 3177 752 3224 prorsus
761 3178 838 3212 corsos
848 3164 986 3211 humiditate.
1028 3214 1031 3221 ,

262 3260 264 3262 ’
331 3247 431 3295 Cobibs'lo
447 3246 600 3305 oedido'oram
616 3243 745 3306 altitudine]
776 3245 842 3296 Quod
860 3245 904 3290 iam
921 3244 1092 3300 nnteAugustus
1105 3240 1157 3285 tese-

302 3314 346 3362 rst,
356 3307 493 3353 rademini:
510 3304 584 3360 idest,
598 3305 626 3349 ad
638 3303 740 3350 incendia
756 3305 852 3350 arcenda
865 3309 889 3348 et
903 3303 995 3349 manne
1009 3301 1103 3367 ruinas..
1117 3294 1157 3342 Sed

302 3371 328 3413 st
344 3371 396 3412 ante
413 3367 534 3422 Augustum
553 3363 651 3409 Rutilius
666 3362 789 3407 orationem
807 3362 901 3416 dixerat,
923 3361 958 3408 De
974 3360 1041 3405 modo
1056 3357 1158 3403 aeditimo

302 3438 360 3470 rum.
392 3422 422 3468 Et
442 3427 551 3480 lugulatus
570 3421 659 3482 quidem
678 3421 745 3481 pedes
763 3423 799 3467 7⁰.
821 3421 903 3466 tollere
920 3418 1037 3479 permisit5
1056 3416 1157 3463 Traianus

302 3482 418 3532 dumtaxat
427 3483 462 3528 6⁰.
474 3487 498 3526 ut
513 3488 578 3527 notat
595 3482 647 3529 sex.
664 3478 769 3528 Aurelius
782 3478 838 3540 epit.
858 3481 892 3528 13.
907 3478 945 3539 qui
954 3472 1157 3525 modiolortasrset

303 3537 501 3586 Neroniaourfuit
530 3537 594 3597 rapa
