2509 4292
275 341 323 409 uo
590 361 789 409 anuasrrsr·
1002 358 1150 411 anan.

264 515 393 583 'nedum
401 513 500 572 bostlll
513 513 589 581 odio,
601 514 776 573 Corbulonis
786 528 893 573 mmen
903 513 996 572 stiam
1005 513 1155 573 namara

274 615 443 681 habebatur,
466 631 557 688 euque
586 613 743 673 consilium
763 614 825 672 eius
859 616 948 672 lidum
972 615 1148 672 credebant.

274 726 343 788 ergo
377 713 540 786 Vologeses
572 731 667 787 neque
688 717 770 770 atrox
795 714 825 770 in
848 730 1001 780 summam,
1024 721 1059 771 et
1083 713 1150 787 qni·

273 811 592 884 busdam-praelectoris
606 812 740 869 inducias
754 812 837 885 petit.
879 812 1029 871 Tiridates
1044 814 1149 869 locunt

275 912 413 985 diemque
430 910 586 983 conloquio
599 911 703 983 poscit.
745 911 879 985 Tempus
890 913 1093 986 propinquum,
1112 913 1156 969 lo·

263 1002 335 1077 cus,
348 1011 446 1084 inquo
460 1026 550 1080 nuper
562 1012 698 1067 obsessae
712 1028 780 1068 curn
796 1012 887 1068 Paeto
901 1012 1032 1082 legiones
1044 1013 1145 1078 erant,

276 1126 342 1167 curn
357 1128 374 1165 a
389 1107 525 1165 Barbaris
545 1111 677 1166 delectus
700 1120 786 1175 esset,
799 1112 838 1166 ob
861 1110 1030 1168 memoriam
1045 1106 1153 1169 lactio-

276 1208 315 1266 ris
328 1209 384 1264 sibi
399 1208 449 1272 rei,
465 1225 522 1264 nun
537 1215 582 1264 est
596 1226 614 1265 a
642 1210 808 1269 Corbulone
823 1209 941 1273 vitatus,
961 1214 992 1266 ut
1018 1209 1150 1267 dissimi-

276 1306 369 1363 litudo
393 1308 525 1363 fortunae
558 1308 680 1380 gloriam
709 1315 836 1382 augeret.
891 1310 995 1382 Neque
1023 1308 1149 1366 immin

278 1405 362 1463 Paeti
377 1409 557 1479 angebatur:
578 1407 655 1480 quod
682 1424 718 1462 ec
732 1407 859 1464 maxime
884 1409 986 1480 putuit,
999 1408 1069 1483 quia
1081 1409 1149 1466 utic

277 1505 348 1571 eius,
369 1504 512 1572 ‘l'ribuum
542 1506 649 1562 ducere
674 1505 836 1576 manipulos
861 1513 946 1580 atque
966 1508 1082 1579 operire
1103 1526 1149 1565 ru·

278 1604 380 1679 liquias
395 1607 489 1663 malae
503 1616 616 1678 pugnae
644 1605 809 1677 imperavit.
860 1606 918 1663 Die
941 1613 1028 1679 pacta
1054 1608 1151 1665 Tibe·

278 1702 334 1758 rius
361 1705 540 1769 Alexander,
554 1703 683 1760 inlustris
704 1703 801 1778 Eques
826 1705 982 1772 Romanus,
1006 1707 1146 1765 minister

277 1802 462 1865 betlodatus‚
483 1807 512 1859 et
527 1801 677 1860 vivianus
699 1804 825 1870 Annius,
847 1822 937 1877 gener
961 1806 1153 1876 Ourbulunln

277 1902 405 1960 nondum
430 1902 584 1959 senatoris
606 1906 714 1969 astate,
737 1905 790 1960 ssd
813 1918 865 1975 pro
888 1905 1002 1978 Legata
1023 1905 1147 1979 quintae

278 2005 387 2076 legioni
402 2001 550 2074 inpositus,
563 1999 594 2058 in
613 2004 711 2059 casim
733 2000 878 2060 'l’iridstis
902 2020 1020 2070 venere,
1040 2004 1148 2063 bonosi

279 2103 351 2170 eius,
370 2119 416 2168 sc,
430 2120 467 2159 ne
482 2105 623 2158 metueret
644 2099 774 2167 iusidias,
788 2100 841 2158 tali
863 2100 991 2176 pignora
1032 2101 1150 2161 viceni
1236 2100 1237 2107 ’

279 2203 387 2260 debinc
401 2201 513 2276 equites
526 2199 679 2273 adsumpti.
721 2199 770 2267 Et,
790 2201 856 2258 riso
879 2200 1056 2268 (imbutum,
1076 2203 1149 2261 Rex

280 2300 356 2374 prior
380 2317 454 2374 equo
476 2299 614 2358 desiluit:
637 2310 693 2358 noe
719 2304 874 2357 cunctatus
904 2300 1043 2359 Corbulo.
1066 2302 1153 2359 ‚Sed
1235 2302 1236 2323 ¹

228 2397 268 2452 29
281 2400 368 2472 pedes
389 2403 507 2472 uterque
534 2399 651 2455 dextras
679 2396 830 2455 miscuere.
885 2398 966 2459 Exin
996 2399 1149 2457 Romanus

280 2497 378 2553 laudat
392 2495 541 2561 iuvenem,
560 2497 692 2554 ‘omissis
715 2496 933 2570 praecipitibus,
953 2502 1014 2555 tnta
1028 2504 1057 2555 et
1070 2501 1150 2557 sslu·

280 2592 373 2650 ‘turia
399 2593 622 2665 capessentem!
663 2597 719 2654 lllc
740 2597 800 2653 ‘ds
833 2597 986 2655 nobilitate
1020 2596 1149 2671 generis

281 2695 401 2749 mullum
432 2692 585 2764 praefatus,
626 2702 737 2752 cetera·
761 2699 957 2769 temperanter
972 2770 976 2775 Ι
991 2695 1150 2771 adiungit:

281 2800 288 2824 ⁶
303 2793 410 2848 lturum
424 2791 530 2865 quippe
545 2792 679 2858 Rumam,
694 2796 874 2869 laturumque
887 2810 996 2852 novum
1011 2796 1151 2854 Caesaris

282 2892 409 2959 miscus,⁴
422 2908 480 2949 non
507 2891 638 2949 adversis
670 2891 842 2952 Parthorum
876 2895 961 2951 rebus
984 2894 1149 2967 supplicem

281 2989 487 3049 ‘Arsaciden’
528 2991 607 3048 'l'u'rn
633 2991 752 3064 placuit,
766 2992 923 3050 Tiridaten
937 3009 1045 3065 ponere
1065 2994 1150 3066 apud

282 3091 406 3165 effigiem
421 3090 554 3147 caesari·
568 3089 683 3164 insigne
695 3090 829 3165 Regium
841 3108 896 3150 nec
911 3091 968 3149 nisi
982 3104 1069 3149 manu
1084 3093 1148 3150 Ns·

187 3258 208 3327 ,’
312 3264 418 3317 Minister
435 3264 490 3310 bello
508 3263 585 3370 ‘md
597 3263 612 3311 i.
623 3277 644 3310 e.
664 3264 761 3323 adiutor,
781 3269 879 3323 exactor,
899 3264 982 3312 arbiter
1001 3265 1121 3313 adiunctus
1137 3280 1152 3313 s

283 3325 382 3371 Nerone.
415 3324 443 3370 V.
454 3323 552 3369 (ironus.
587 3324 698 3378 bamb.
735 3318 793 3372 Ern.

312 3402 421 3450 Nondum
433 3401 547 3448 Scrutaris
565 3404 643 3466 umis]
673 3403 739 3456 Quae
755 3407 791 3451 est
809 3417 879 3451 annus
896 3401 1111 3464 vigesimusquinbas,
1124 3408 1153 3452 ul

284 3461 338 3513 alibi
352 3461 433 3507 monui.
464 3460 547 3517 Lina<

275 3537 536 3657 'sepffiliiffwl
572 3541 640 3594 Quod
656 3542 718 3604 ¹apud
737 3542 816 3592 Persas
833 3539 965 3590 muctlsdmi
981 3540 1086 3591 laederis
1117 3542 1152 3590 lo·
