2509 4292
288 310 361 378 222
590 330 862 381 msroamnrss*
1005 336 1035 382 s.
1050 332 1143 382 ern.

287 483 356 541 dida
370 483 495 556 agminis
514 484 679 552 seminatur,
698 486 808 561 equites
835 501 1009 559 prorupere:
1030 486 1074 554 et,
1099 484 1149 542 mi·

288 599 350 639 rum
370 582 492 649 dictans
518 584 699 656 paucioribus
722 583 897 641 Othonianis
916 601 973 657 quo
996 584 1093 641 mium
1118 583 1147 640 in

287 683 399 738 vatium
422 681 649 757 inpingerentur,
666 684 788 739 italicae
816 682 939 756 legionis
967 683 1077 740 virtute
1103 683 1148 739 de·

287 779 380 836 territi
392 787 469 837 sunt.
489 798 525 836 ca
538 780 648 837 strictis
671 781 863 846 mucronibus,
884 781 976 837 redire
997 784 1097 854 poison
1121 784 1150 836 et

286 895 411 951 pugnam
426 895 568 935 resumere
592 878 700 951 coegit.
736 879 893 951 -Disposiba
920 879 1148 936 Viteiiiensrum

286 976 432 1050 legionum
458 975 538 1032 acies
565 976 630 1033 sine
654 976 867 1041 trepidatione:
899 976 1021 1041 etenim,
1055 992 1147 1050 quam·

285 1090 369 1148 quam
385 1073 483 1129 vicino
499 1075 590 1142 hoste,
610 1075 766 1146 adspectus
786 1092 927 1131 armorum
940 1074 1042 1131 densis
1057 1076 1148 1131 arbus-

284 1172 321 1228 tis
341 1171 561 1243 prohibebatur:
591 1175 667 1243 apud
698 1173 891 1237 Othonianos,
911 1172 1012 1242 pavidi
1043 1174 1148 1238 nucu,

283 1270 366 1326 midos
382 1270 513 1326 Ducibus
533 1271 672 1336 intensus,
686 1270 780 1327 mixtu
800 1271 935 1329 vehicula
947 1276 980 1327 et
1000 1270 1092 1337 iisse,
1111 1272 1146 1335 et,

281 1368 440 1442 praeruptis
460 1370 601 1444 utrimque
614 1370 709 1434 tomis,
728 1370 778 1426 via
791 1368 890 1443 quieto
909 1385 1024 1442 qaoque
1039 1368 1145 1442 agmini

282 1473 412 1539 angusta.
467 1464 689 1526 circumsistere
722 1469 774 1526 atii
808 1468 891 1540 signa
917 1484 978 1530 sna,
1011 1486 1145 1542 quaerere

282 1565 352 1622 atii:
386 1566 513 1624 incertus
534 1566 662 1641 nudique
689 1569 798 1624 riamnr
813 1567 1050 1636 ,adrumentinam
1069 1568 1146 1625 voci·
1167 1612 1172 1623 .

283 1666 419 1723 tantiam:
440 1671 478 1731 et,
502 1672 533 1722 ut
558 1666 663 1740 cuique
687 1666 809 1722 audacia
824 1663 872 1721 ‘vet
900 1665 1035 1730 formido,
1050 1667 1080 1723 in
1095 1665 1145 1739 pri·
1226 1730 1227 1733 Ἴ

256 1755 358 1824 ‘mam
378 1768 590 1838 postremamve
610 1764 706 1822 abiem
729 1765 959 1836 prorumpebant,
989 1761 1145 1825 veisrers·

230 1860 431 1922 tihehamur.
474 1864 631 1921 Adtonitus
652 1862 748 1933 subito
769 1868 885 1923 terrore
901 1867 1029 1923 mentes,
1045 1865 1142 1920 tainum

284 1963 422 2037 gaudiam
435 1962 467 2019 in
477 1964 644 2034 tnngnmem
666 1961 764 2027 vertit,
784 1962 914 2032 repertis,
929 1961 982 2034 qui
1001 1960 1143 2025 demisisse
1224 2012 1225 2015 ,

283 2080 302 2119 a
318 2059 432 2119 Vrania
456 2058 603 2117 canadam
616 2060 833 2116 ementirentur.
875 2059 1025 2133 Istrumor,
1046 2063 1083 2117 ab
1095 2077 1143 2116 ex·

282 2161 472 2234 pioratodbus
487 2158 606 2216 Viteiiii
630 2159 783 2231 dispersus,
813 2157 904 2214 ausin
932 2159 996 2230 ipsa
1020 2156 1167 2216 Othon'u,
1224 2186 1225 2189 ¹

283 2265 372 2332 parte,
386 2277 436 2316 seu
460 2259 538 2325 doio,
553 2275 605 2314 seu
624 2257 697 2314 torte
710 2257 874 2323 surrexerit,
895 2258 995 2328 parum
1019 2273 1142 2329 comper·

281 2363 351 2414 tum.
392 2357 507 2415 Omisso
527 2373 640 2429 pugnae
653 2356 763 2423 ardore,
785 2355 946 2413 Othoniani
973 2358 1048 2413 uitro
1071 2357 1141 2412 satu·

283 2462 401 2513 tavere:
422 2459 453 2511 et
464 2454 562 2511 hostib
575 2470 718 2512 murmure
731 2453 858 2525 excepti,
873 2454 1016 2527 plerisque
1030 2468 1138 2510 suorum

281 2551 399 2626 ignaris,
432 2570 507 2626 quae
532 2569 635 2608 caussa
662 2552 817 2618 salutandi,
837 2559 946 2608 metum
972 2550 1138 2625 proditionis
1226 2550 1227 2573 ³

281 2652 386 2716 iecere,
421 2654 482 2706 tum
531 2651 664 2707 incubuit
710 2650 835 2707 hostium
876 2651 965 2718 acies,
1022 2649 1137 2722 integris

281 2746 437 2813 ordinibus,
462 2748 563 2804 robore
597 2754 627 2803 et
655 2765 775 2806 numero
812 2748 1020 2822 praestantior:
1048 2747 1137 2805 Otho·

280 2847 370 2912 niani,
389 2863 560 2920 quamquam
592 2847 724 2918 dispersi,
762 2848 923 2919 pauciores,
959 2847 1025 2904 sessi
1058 2861 1135 2918 proe-

279 2948 350 3006 lium
373 2948 471 3002 tamen
505 2944 612 3001 acriter
638 2962 794 3017 sumpsere.
829 2951 860 3001 et
893 2964 943 3019 per
977 2948 1064 3011 locos,
1096 2958 1137 2999 ar·
1226 2994 1227 3019 ἶ

279 3044 395 3104 boribus
442 3060 477 3100 ac
517 3042 613 3099 vineis
648 3042 802 3114 inpeditos,
830 3061 888 3101 nou
929 3061 987 3100 une
1028 3057 1135 3117 pugnae

278 3145 376 3202 iacies.
388 3141 519 3200 cominus
539 3140 707 3214 eminusque
716 3141 846 3197 catervis
864 3146 894 3197 et
908 3141 1009 3198 cuneis
1023 3156 1137 3198 concur·

279 3245 399 3300 rebant:
419 3241 452 3298 in
467 3257 572 3314 aggere
589 3239 655 3296 viae
674 3241 792 3296 conlato
813 3241 911 3313 gradu,
925 3239 1090 3306 corporibus
1109 3239 1137 3301 ¹et

280 3340 451 3399 umbonibus
468 3338 531 3405 niti,
551 3339 659 3396 omisso
673 3337 794 3410 pilorum
819 3339 907 3404 iactu,
922 3337 1027 3411 gladiis
1042 3342 1071 3395 et
1096 3353 1137 3420 ⁸⁰¹,

279 3440 394 3495 curibus
407 3421 507 3509 galeas
527 3438 688 3510 loricasque
703 3453 900 3509 perrumpere:
921 3441 1076 3494 noscentes
1097 3435 1136 3491 iu·
1226 3408 1227 3433 ¹

280 3539 324 3591 ter
346 3553 387 3598 se,
407 3535 514 3591 ceteris
540 3534 700 3618 conspicui,
732 3533 763 3590 in
788 3540 927 3595 eventum
955 3534 1043 3591 totius
1070 3532 1135 3591 belii
1166 3526 1169 3535 ’
1226 3520 1227 3597 ᾗ

227 3632 439 3700 43οειίαὴαηί.
494 3632 584 3691 Forte
609 3632 687 3692 inter
718 3631 830 3692 Padum
857 3631 1001 3710 viamque,
1028 3629 1135 3709 patenti
