2509 4292
300 324 371 395 178
587 346 843 413 ωοωιιω
1018 351 1048 400 a.
1063 349 1092 399 v.
1105 351 1161 403 aaa.

296 502 387 561 verbe
414 500 540 560 Othonia
553 502 703 569 dilaniata,
721 501 771 561 din
799 501 916 565 manli.
935 520 1079 579 anaqam
1096 503 1164 569 bu

296 606 348 659 aut
361 617 460 669 amor;
481 606 560 663 netu
573 617 609 659 ao
623 599 799 659 neeearitate
817 603 875 660 bue
888 604 959 660 illue
974 606 1162 663 innobentur.

298 696 413 757 Eadem
427 699 549 758 tormine
572 699 755 771 provinciam
779 701 1003 759 Narbonensem
1023 703 1063 758 ad
1075 699 1162 771 Vitel-

299 799 371 857 lium
386 799 481 864 vertit.
502 797 583 855 laeili
598 797 720 856 tranaitu
733 800 770 856 nd
785 799 931 872 proximae
955 807 989 856 et
1003 798 1162 857 validioru-

300 896 491 971 Longloquae
519 896 701 967 provinciae·
732 903 761 953 et
780 897 918 972 quidquid
939 915 1085 957 armorum
1097 893 1162 961 mali

298 994 450 1060 dirimitur,
470 1011 559 1065 perrea
580 994 729 1055 Othonem
754 998 933 1055 manebant:
962 1013 1026 1053 non
1048 995 1161 1067 partium

298 1094 410 1161 aludi03
430 1093 481 1151 red
495 1099 556 1149 eret
578 1094 688 1166 grande
702 1100 879 1151 momentum
903 1093 935 1150 in
960 1090 1163 1153 nomineorbir

299 1208 334 1248 aa
349 1196 501 1262 praetexto
527 1191 672 1248 Senatus:
693 1198 723 1248 et
736 1199 933 1263 occupaverat
956 1193 1073 1253 animoa
1095 1190 1162 1265 prior

298 1287 421 1346 auditor.
463 1289 614 1347 ludaionrn
636 1289 798 1349 exereitum
813 1291 1026 1363 Vespasianus.
1066 1290 1161 1369 Syriae

298 1387 429 1460 legionen
445 1387 599 1446 Muciano·
613 1396 796 1447 recremento
810 1390 937 1448 Otboniu
948 1392 1093 1466 adegere.¹
1121 1386 1161 1449 Si·

298 1487 357 1543 mul
382 1487 547 1561 Aegypton,
569 1505 727 1562 ornnerqne
757 1505 859 1551 vernae
887 1489 918 1546 in
933 1490 1087 1547 Orientem
1104 1502 1160 1561 pro·

299 1584 429 1653 vinciae,
442 1586 559 1645 nomine
573 1587 636 1647 eine
650 1589 832 1661 teqebeniur.
873 1589 957 1646 idem
986 1585 1162 1648 Alrieaeob·

299 1684 440 1757 requiam.
460 1684 546 1743 initio
564 1702 582 1742 a
607 1686 785 1760 Carthagine
798 1693 871 1745 orto.
912 1688 1021 1763 Neque
1049 1699 1159 1759 exapeo

301 1788 361 1841 tata
383 1782 523 1857 Viprtani
555 1785 730 1856 Aproniani.
759 1785 955 1853 Proeonrutia,
987 1785 1159 1851 auctoritato,

302 1881 456 1949 Creroena,
477 1882 604 1939 Neronia
634 1882 753 1940 tinennr
775 1881 857 1957 (nam
881 1891 912 1941 et
935 1885 966 1941 bi
990 1883 1074 1945 oralia
1096 1888 1158 1949 teat·

302 1981 418 2057 poribor
461 1989 571 2055 partem
603 1999 636 2039 ae
669 1980 861 2052 Reipublicae
888 1981 1020 2058 laeiurrt)
1051 1982 1157 2054 aputu·
1216 1998 1217 2013 ³

301 2081 391 2155 plebi,
409 2081 447 2138 ob
480 2080 622 2138 laetitiam
656 2079 780 2137 recentia
795 2080 932 2153 imperii,
962 2079 1155 2143 eptolenae
1216 2062 1217 2117 l

300 2181 422 2251 populor
449 2181 584 2254 pleraque
610 2178 675 2235 aine
701 2179 787 2236 modo
814 2179 974 2236 festinavit
1017 2174 1155 2249 Carthagi·

250 2277 290 2341 71
301 2294 369 2333 nem
382 2284 498 2337 ceterae
511 2276 649 2335 civitaten
662 2282 790 2334 reculae.
831 2278 884 2334 Sio
897 2278 1045 2337 dieti-aetia
1054 2272 1153 2334 exerui·

233 2428 237 2435 .
302 2373 379 2432 tibur
397 2391 433 2432 ae
445 2373 613 2448 provinciis,
633 2374 759 2431 Vitellio
776 2376 895 2449 quidem
906 2377 943 2433 ad
957 2373 1154 2449 oapeaaendan

300 2471 488 2545 Principatua
512 2472 655 2531 fortunam
683 2474 761 2531 bello
773 2490 845 2546 opor
858 2480 930 2530 erat.
971 2474 1060 2537 Otho,
1079 2476 1108 2529 ul
1125 2468 1153 2525 iu

300 2574 390 2629 multa
401 2590 484 2645 peoe,
503 2572 601 2630 munia
615 2573 735 2645 Imperii
755 2573 874 2629 obibat:
894 2575 1036 2646 quaedam
1055 2589 1090 2628 ex
1102 2566 1156 2640 dig·

300 2667 396 2728 nitate
422 2670 624 2743 Reipublicae,
639 2673 774 2746 pleraque
800 2677 903 2729 eontra
916 2673 1007 2730 (leena
1029 2689 1065 2728 er
1080 2682 1152 2742 pm·
1214 2690 1215 2701 ¹

299 2765 375 2824 renti
389 2783 441 2825 uau
465 2769 655 2841 properando.
697 2758 807 2828 Coneut
833 2787 902 2827 oum
930 2770 1051 2827 Titiano
1070 2766 1149 2823 frain

298 2865 330 2923 in
345 2865 470 2924 Kalend.
491 2865 612 2925 Martiae
638 2868 720 2939 ipae:
742 2868 902 2953 proximor·
921 2886 1034 2929 menaea
1057 2859 1151 2935 Vetti·

300 2964 351 3024 nio
368 2966 507 3034 destinat,
526 2971 557 3022 ut
569 2967 688 3041 aliquod
703 2967 846 3025 exercitui
869 2968 1046 3026 Germaniae
1057 2958 1150 3021 delini·

300 3070 440 3125 mentum.
496 3065 627 3140 iungitur
653 3065 798 3139 Verginio
830 3066 982 3138 Poppaeae
1008 3061 1151 3137 Vopiaeea

302 3170 454 3240 praetextu
469 3163 578 3221 veteris
594 3162 760 3235 amicitiae;
781 3164 921 3239 plerique,
946 3155 1149 3221 Viennanaiun

300 3264 403 3325 bonori
426 3265 536 3331 datum,
562 3263 832 3336 interpretabantur.
873 3262 974 3321 Ceteri
989 3259 1148 3321 Conanlatut
1212 3246 1213 3253 '

299 3381 339 3421 ea
352 3362 549 3420 destinatione
564 3361 692 3419 Neronia
718 3366 769 3421 aut
793 3361 907 3418 Galbae
929 3376 1070 3425 munnere,
1086 3353 1150 3429 0⁸0·

299 3460 340 3519 lio
363 3476 398 3517 ae
413 3460 522 3518 Flavio
537 3458 654 3521 Sabioia
678 3459 710 3518 in
734 3458 834 3526 luliar,
855 3459 942 3516 Arrio
968 3449 1146 3516 Antoniane

300 3555 396 3619 llario
410 3556 499 3618 cebo
512 3556 544 3618 in
559 3556 761 3633 Septembres:
782 3574 901 3635 quorum
921 3556 1026 3623 bonori
1057 3568 1092 3612 ne
1103 3543 1156 3619 Vl*
