2509 4292
100 396 131 443 r.
148 393 179 442 o.
194 384 236 442 ro.
351 392 420 440 urs.
450 394 487 441 rr.
538 394 618 442 car.
657 378 771 444 t.—3.
910 378 980 447 195

100 547 255 622 utrimque
277 550 437 620 perlustrat.
477 548 529 605 ‘Si
543 553 675 623 pergeret
697 550 727 607 in
748 552 857 616 urbem,
871 554 981 611 nullam

102 647 218 705 ‘officii
238 647 373 721 gratiam,
393 647 424 704 iu
443 648 562 704 alterius
577 648 716 707 honorem
730 652 878 722 suseepti:
899 669 935 708 ac
949 671 981 710 re

102 746 265 809 ‘Vitellio
277 745 343 802 sire
355 746 475 809 Othoni,
484 748 617 804 obsidem
631 747 702 804 lore.
745 747 799 809 Sin
814 748 933 816 rediret,
941 749 981 806 oi·

103 845 240 902 ‘tensam
259 845 335 902 haud
356 816 473 904 dnbiaiu
503 846 640 904 victoris:
663 846 714 903 sed
743 846 858 904 incerta
886 848 981 905 adhuc

103 949 112 975 ‘
127 943 265 1008 victorie,
284 949 315 1000 et
328 945 513 1001 concedente
527 944 559 1001 in
574 953 669 1016 partes
684 951 774 1018 putre,
788 946 881 1003 tilium
894 963 982 1005 exuu-

108 1049 237 1100 ‘satum
281 1041 336 1100 Sin
351 1042 551 1115 Vespasianus
572 1044 793 1117 liempuhlicsm
812 1044 982 1118 susciperet,

105 1142 365 1199 ‘obliviscendum
374 1142 549 1199 offensarum
563 1144 600 1200 de
615 1145 693 1203 bello
706 1143 904 1218 agitantibus?
925 1137 1012 1201 uisu

101 1258 139 1298 uc
154 1242 264 1298 talibus
278 1240 355 1297 inter
367 1258 450 1310 spem
469 1249 634 1315 metumque
647 1242 797 1309 iactatum,
811 1259 877 1316 spes
893 1244 977 1300 vicit.

108 1340 218 1405 Fuere,
251 1340 313 1413 qui,
337 1355 480 1396 decennem
511 1337 647 1397 maderio
671 1339 819 1398 Berenices
845 1339 980 1417 Reginae,

107 1435 223 1493 uertisse
243 1436 297 1495 iter
317 1439 482 1495 crederent.
526 1440 573 1494 Ne
594 1457 631 1496 ue
658 1440 830 1497 abhorrebat
854 1458 872 1497 a
893 1442 980 1497 Bere·

109 1535 182 1593 nice
206 1536 342 1594 iuvenilis
366 1537 496 1594 unimus:
517 1539 570 1594 sed
595 1538 730 1612 gerendis
758 1541 842 1596 rebus
870 1542 980 1597 nullum

104 1652 146 1692 ex
160 1653 197 1690 eo
211 1634 453 1706 inpedimentum.
477 1638 584 1692 laetam
599 1637 797 1710 voluptatibus
811 1639 979 1697 adolesceu·

104 1732 179 1791 tiam
213 1734 285 1807 egit,
315 1752 367 1790 suo
398 1752 483 1808 quam
517 1735 605 1806 patris
640 1735 762 1809 imperio
796 1737 978 1795 moderatior.

105 1832 201 1907 igitur
213 1849 295 1889 oram
313 1832 444 1889 Achaiae
458 1838 487 1890 et
515 1834 614 1900 Asiae,
639 1851 675 1892 ac
699 1837 784 1893 laeva
800 1837 885 1894 maris
901 1853 980 1908 prae·

109 1937 225 1999 vectus,
241 1931 375 1989 Rhodum
398 1937 428 1988 et
456 1933 585 2006 Cyprum
613 1934 733 2001 insulas,
759 1935 827 1992 inde
853 1935 980 2007 Syriam,

54 2077 58 2083 .
107 2030 327 2088 audentioribus
341 2029 442 2102 spatiis
457 2034 581 2103 petebat.
606 2034 704 2106 Atque
717 2033 799 2088 illurn
814 2031 922 2104 cupido
938 2030 980 2088 in·

107 2131 209 2197 cessit,
222 2131 350 2188 adeundi
364 2132 535 2206 visendique
551 2135 689 2203 templum
700 2130 830 2204 Paphiae
844 2131 981 2197 Veneris,

105 2230 253 2304 inclytum
267 2248 317 2302 per
331 2231 483 2304 indigenas
498 2233 694 2304 advenasque.
719 2231 805 2286 Hand
821 2229 905 2286 suerit
921 2232 980 2287 ton·

22 2336 23 2407 g
107 2346 186 2404 gum,
206 2328 293 2386 initia
313 2328 471 2403 religionis,
497 2330 599 2401 templi
626 2328 722 2396 situm,
747 2327 865 2385 sormam
888 2329 980 2397 Deae,

22 2410 23 2415 ἵ
109 2445 206 2502 neque
238 2427 318 2484 enim
352 2428 422 2485 alibi
456 2429 501 2486 sic
534 2429 667 2491 habetur,
702 2427 800 2501 paucis
828 2428 978 2484 disserere.

110 2523 288 2583 Conditorem
316 2524 409 2602 empti
438 2526 546 2601 Regem
577 2523 687 2583 derina
715 2533 799 2583 velue
829 2519 1011 2598 memoria,3

22 2648 23 2671 t
109 2627 225 2702 quidam
240 2623 328 2702 ipsine
345 2625 425 2708 Deae
447 2641 545 2681 nornen
566 2622 599 2679 id
617 2625 777 2698 perhibent.
821 2626 912 2683 Fama
937 2645 978 2685 re·

22 2736 23 2799 j
109 2724 224 2783 ceptior
239 2724 335 2792 tradit,
348 2724 386 2782 ‘a
407 2724 521 2798 cinyra
541 2729 686 2782 sacratum
709 2728 856 2798 templum,
873 2726 979 2784 Deam·

109 2825 183 2900 ‘tque
204 2821 307 2896 ipsum,
332 2828 506 2896 conceptam
529 2824 610 2887 mari,
637 2824 693 2881 huc
716 2824 875 2900 atlpulsum.
918 2824 979 2882 Sed

22 2930 23 2961 ³
109 2921 280 2978 ‘seientiam
291 2927 439 2996 artemque
453 2916 644 2993 Haruspicum
655 2923 798 2990 adcitum
812 2931 842 2979 et
852 2924 979 2981 Cilicem

22 3040 23 3079 t
110 3018 283 3077 ‘'l'amiram
302 3020 453 3076 intulisse:
473 3025 560 3094 atque
587 3020 628 3077 ita
651 3026 776 3094 paulum,
795 3027 826 3081 ut
849 3021 979 3079 familiae

108 3118 271 3192 ‘utriusque
286 3118 393 3191 posteri
407 3117 591 3175 caerimoniis
605 3116 822 3191 praesiderent?
843 3114 926 3183 Mox,
941 3136 978 3177 ne

109 3215 218 3275 honore
234 3219 315 3274 nullo
336 3215 459 3290 Regium
479 3234 570 3290 genus
590 3218 772 3290 peregrinam
786 3216 905 3289 stirpem
929 3232 978 3273 arr·

111 3317 270 3382 tecelleret,
297 3314 370 3386 ipsa,
397 3331 483 3388 quum
506 3315 674 3380 intulerunt,
696 3313 821 3371 scientia
850 3314 979 3388 hospites

105 3427 233 3471 cessere:
249 3417 362 3471 tautum
376 3408 540 3487 Cinyrades
554 3413 698 3470 Sacerdos
713 3411 882 3472 consulitur.
905 3412 977 3472 Hos·

143 3583 218 3647 Neque
226 3585 353 3634 enimultli
366 3586 397 3633 rte
411 3586 512 3648 hubam]
545 3586 608 3634 Dese
622 3584 797 3636 simulacrorum
806 3588 884 3638 forne.
916 3588 976 3641 um
