<?xml version="1.0" encoding="UTF-8"?>
<!DOCTYPE html PUBLIC "-//W3C//DTD XHTML 1.0 Transitional//EN"
    "http://www.w3.org/TR/xhtml1/DTD/xhtml1-transitional.dtd">
<html xmlns="http://www.w3.org/1999/xhtml" xml:lang="en" lang="en">
 <head>
  <title>
</title>
<meta http-equiv="Content-Type" content="text/html;charset=utf-8" />
  <meta name='ocr-system' content='tesseract 3.04.00' />
  <meta name='ocr-capabilities' content='ocr_page ocr_carea ocr_par ocr_line ocrx_word'/>
</head>
<body>
  <div class='ocr_page' id='page_1' title='image "./ccorneliitaciti03brotgoog_0416.png"; bbox 0 0 2509 4292; ppageno 0'>
   <div class='ocr_carea' id='block_1_1' title="bbox 309 285 1177 359">
    <p class='ocr_par' dir='ltr' id='par_1_1' title="bbox 309 285 1177 359">
     <span class='ocr_line' id='line_1_1' title="bbox 309 285 1177 359; baseline 0.001 -3"><span class='ocrx_word' id='word_1_1' title='bbox 309 285 381 357; x_wconf 75' lang='grc'>394</span> <span class='ocrx_word' id='word_1_2' title='bbox 595 303 848 355; x_wconf 76' lang='lat' dir='ltr'>ursaonrnnvu</span> <span class='ocrx_word' id='word_1_3' title='bbox 1029 305 1103 353; x_wconf 75' lang='lat' dir='ltr'>nv.</span> <span class='ocrx_word' id='word_1_4' title='bbox 1120 288 1177 359; x_wconf 76' lang='lat' dir='ltr'>aul.</span> 
     </span>
    </p>
   </div>
   <div class='ocr_carea' id='block_1_2' title="bbox 239 455 1248 3571">
    <p class='ocr_par' dir='ltr' id='par_1_2' title="bbox 306 455 1248 2595">
     <span class='ocr_line' id='line_1_2' title="bbox 306 455 1178 518; baseline -0.002 0"><span class='ocrx_word' id='word_1_5' title='bbox 306 457 476 518; x_wconf 82' lang='lat' dir='ltr'>‘destinata</span> <span class='ocrx_word' id='word_1_6' title='bbox 522 457 589 517; x_wconf 88' lang='lat' dir='ltr'>Deo</span> <span class='ocrx_word' id='word_1_7' title='bbox 617 460 692 515; x_wconf 84' lang='lat' dir='ltr'>ultra</span> <span class='ocrx_word' id='word_1_8' title='bbox 739 455 913 516; x_wconf 73' lang='lat' dir='ltr'>moraretur?</span> <span class='ocrx_word' id='word_1_9' title='bbox 978 456 1178 516; x_wconf 73' lang='lat' dir='ltr'><strong>Cunctantem</strong></span> 
     </span>
     <span class='ocr_line' id='line_1_3' title="bbox 307 554 1174 632; baseline -0.003 -17"><span class='ocrx_word' id='word_1_10' title='bbox 307 557 392 617; x_wconf 78' lang='lat' dir='ltr'>varie</span> <span class='ocrx_word' id='word_1_11' title='bbox 423 557 568 632; x_wconf 79' lang='lat' dir='ltr'>pernicies</span> <span class='ocrx_word' id='word_1_12' title='bbox 593 556 741 631; x_wconf 77' lang='lat' dir='ltr'>morbique</span> <span class='ocrx_word' id='word_1_13' title='bbox 768 561 799 612; x_wconf 92' lang='lat' dir='ltr'>et</span> <span class='ocrx_word' id='word_1_14' title='bbox 825 554 980 612; x_wconf 86' lang='lat' dir='ltr'>manifesta</span> <span class='ocrx_word' id='word_1_15' title='bbox 998 557 1174 613; x_wconf 89' lang='lat' dir='ltr'>coelestium</span> 
     </span>
     <span class='ocr_line' id='line_1_4' title="bbox 307 654 1176 732; baseline -0.005 -15"><span class='ocrx_word' id='word_1_16' title='bbox 307 656 355 717; x_wconf 75' lang='lat' dir='ltr'>im</span> <span class='ocrx_word' id='word_1_17' title='bbox 376 656 547 732; x_wconf 80' lang='lat' dir='ltr'>graviorque</span> <span class='ocrx_word' id='word_1_18' title='bbox 572 654 604 712; x_wconf 92' lang='lat' dir='ltr'>in</span> <span class='ocrx_word' id='word_1_19' title='bbox 628 655 691 711; x_wconf 84' lang='lat' dir='ltr'>dies</span> <span class='ocrx_word' id='word_1_20' title='bbox 716 654 866 728; x_wconf 83' lang='lat' dir='ltr'>fatigabat</span> <span class='ocrx_word' id='word_1_21' title='bbox 916 655 1078 713; x_wconf 81' lang='lat' dir='ltr'>Advocato</span> <span class='ocrx_word' id='word_1_22' title='bbox 1105 672 1176 712; x_wconf 87' lang='lat' dir='ltr'>oon·</span> 
     </span>
     <span class='ocr_line' id='line_1_5' title="bbox 307 752 1180 827; baseline -0.006 -14"><span class='ocrx_word' id='word_1_23' title='bbox 307 753 404 823; x_wconf 83' lang='lat' dir='ltr'>aione,</span> <span class='ocrx_word' id='word_1_24' title='bbox 444 755 548 813; x_wconf 84' lang='lat' dir='ltr'>‘iussa</span> <span class='ocrx_word' id='word_1_25' title='bbox 592 752 741 821; x_wconf 87' lang='lat' dir='ltr'>Numinis,</span> <span class='ocrx_word' id='word_1_26' title='bbox 769 770 837 810; x_wconf 88' lang='lat' dir='ltr'>suos</span> <span class='ocrx_word' id='word_1_27' title='bbox 875 752 1098 827; x_wconf 74' lang='lat' dir='ltr'>Ptolemaeique</span> <span class='ocrx_word' id='word_1_28' title='bbox 1137 752 1180 808; x_wconf 83' lang='lat' dir='ltr'>ri-</span> 
     </span>
     <span class='ocr_line' id='line_1_6' title="bbox 308 848 1175 927; baseline -0.005 -16"><span class='ocrx_word' id='word_1_29' title='bbox 308 858 384 921; x_wconf 85' lang='lat' dir='ltr'>‘sus,</span> <span class='ocrx_word' id='word_1_30' title='bbox 416 850 579 927; x_wconf 76' lang='lat' dir='ltr'>ingruentia</span> <span class='ocrx_word' id='word_1_31' title='bbox 614 848 703 906; x_wconf 86' lang='lat' dir='ltr'>mala’</span> <span class='ocrx_word' id='word_1_32' title='bbox 736 851 868 923; x_wconf 83' lang='lat' dir='ltr'>exponit</span> <span class='ocrx_word' id='word_1_33' title='bbox 922 851 1039 925; x_wconf 84' lang='lat' dir='ltr'>Vutgm</span> <span class='ocrx_word' id='word_1_34' title='bbox 1071 852 1175 908; x_wconf 84' lang='lat' dir='ltr'>edver-</span> 
     </span>
     <span class='ocr_line' id='line_1_7' title="bbox 308 947 1248 1024; baseline -0.003 -15"><span class='ocrx_word' id='word_1_35' title='bbox 308 951 366 1009; x_wconf 80' lang='lat' dir='ltr'>sari</span> <span class='ocrx_word' id='word_1_36' title='bbox 407 950 529 1023; x_wconf 85' lang='lat' dir='ltr'>Regem,</span> <span class='ocrx_word' id='word_1_37' title='bbox 565 947 702 1006; x_wconf 84' lang='lat' dir='ltr'>inuidere</span> <span class='ocrx_word' id='word_1_38' title='bbox 742 951 891 1024; x_wconf 80' lang='lat' dir='ltr'>Aegypto,</span> <span class='ocrx_word' id='word_1_39' title='bbox 938 949 995 1007; x_wconf 82' lang='lat' dir='ltr'>sibi</span> <span class='ocrx_word' id='word_1_40' title='bbox 1044 956 1177 1009; x_wconf 87' lang='lat' dir='ltr'>metuere</span> <span class='ocrx_word' id='word_1_41' title='bbox 1247 948 1248 981; x_wconf 74' lang='lat'><em>³</em></span> 
     </span>
     <span class='ocr_line' id='line_1_8' title="bbox 307 1045 1248 1121; baseline -0.002 -14"><span class='ocrx_word' id='word_1_42' title='bbox 307 1049 501 1121; x_wconf 86' lang='lat' dir='ltr'>templumque</span> <span class='ocrx_word' id='word_1_43' title='bbox 519 1045 732 1105; x_wconf 68' lang='lat' dir='ltr'>circumsidere.</span> <span class='ocrx_word' id='word_1_44' title='bbox 775 1047 872 1106; x_wconf 88' lang='lat' dir='ltr'>Maior</span> <span class='ocrx_word' id='word_1_45' title='bbox 894 1047 964 1105; x_wconf 86' lang='lat' dir='ltr'>hinc</span> <span class='ocrx_word' id='word_1_46' title='bbox 987 1048 1067 1105; x_wconf 85' lang='lat' dir='ltr'>lama</span> <span class='ocrx_word' id='word_1_47' title='bbox 1092 1048 1176 1105; x_wconf 80' lang='lat' dir='ltr'>tradi·</span> <span class='ocrx_word' id='word_1_48' title='bbox 1247 1088 1248 1093; x_wconf 19' lang='grc' dir='ltr'>η</span> 
     </span>
     <span class='ocr_line' id='line_1_9' title="bbox 308 1143 1248 1218; baseline -0.001 -13"><span class='ocrx_word' id='word_1_49' title='bbox 308 1145 361 1214; x_wconf 88' lang='lat' dir='ltr'>dit,</span> <span class='ocrx_word' id='word_1_50' title='bbox 380 1145 497 1202; x_wconf 82' lang='lat' dir='ltr'>‘Deum</span> <span class='ocrx_word' id='word_1_51' title='bbox 511 1143 605 1218; x_wconf 87' lang='lat' dir='ltr'>iprum</span> <span class='ocrx_word' id='word_1_52' title='bbox 617 1145 752 1217; x_wconf 86' lang='lat' dir='ltr'>adpulsas</span> <span class='ocrx_word' id='word_1_53' title='bbox 767 1144 845 1202; x_wconf 85' lang='lat' dir='ltr'>litori</span> <span class='ocrx_word' id='word_1_54' title='bbox 867 1145 954 1203; x_wconf 88' lang='lat' dir='ltr'>navis</span> <span class='ocrx_word' id='word_1_55' title='bbox 980 1151 1087 1218; x_wconf 85' lang='lat' dir='ltr'>sponte</span> <span class='ocrx_word' id='word_1_56' title='bbox 1109 1163 1176 1204; x_wconf 88' lang='lat' dir='ltr'>con·</span> <span class='ocrx_word' id='word_1_57' title='bbox 1247 1162 1248 1189; x_wconf 39' lang='grc' dir='ltr'>ὲ</span> 
     </span>
     <span class='ocr_line' id='line_1_10' title="bbox 308 1240 1174 1312; baseline 0.002 -12"><span class='ocrx_word' id='word_1_58' title='bbox 308 1240 495 1302; x_wconf 80' lang='lat' dir='ltr'>‘scendisse’</span> <span class='ocrx_word' id='word_1_59' title='bbox 535 1242 644 1300; x_wconf 81' lang='lat' dir='ltr'>Mirum</span> <span class='ocrx_word' id='word_1_60' title='bbox 667 1242 737 1299; x_wconf 90' lang='lat' dir='ltr'>inde</span> <span class='ocrx_word' id='word_1_61' title='bbox 758 1243 847 1312; x_wconf 85' lang='lat' dir='ltr'>dictu,</span> <span class='ocrx_word' id='word_1_62' title='bbox 868 1244 954 1302; x_wconf 87' lang='lat' dir='ltr'>terlio</span> <span class='ocrx_word' id='word_1_63' title='bbox 980 1245 1041 1311; x_wconf 89' lang='lat' dir='ltr'>die,</span> <span class='ocrx_word' id='word_1_64' title='bbox 1061 1250 1174 1311; x_wconf 80' lang='lat' dir='ltr'>tantum</span> 
     </span>
     <span class='ocr_line' id='line_1_11' title="bbox 308 1339 1176 1416; baseline -0.003 -15"><span class='ocrx_word' id='word_1_65' title='bbox 308 1340 395 1401; x_wconf 83' lang='lat' dir='ltr'>maris</span> <span class='ocrx_word' id='word_1_66' title='bbox 407 1339 529 1407; x_wconf 88' lang='lat' dir='ltr'>emensi,</span> <span class='ocrx_word' id='word_1_67' title='bbox 551 1340 762 1399; x_wconf 77' lang='lat' dir='ltr'>Alexandriam</span> <span class='ocrx_word' id='word_1_68' title='bbox 782 1343 973 1415; x_wconf 89' lang='lat' dir='ltr'>adpelluntur.</span> <span class='ocrx_word' id='word_1_69' title='bbox 1009 1343 1176 1416; x_wconf 75' lang='lat' dir='ltr'>‚Templum</span> 
     </span>
     <span class='ocr_line' id='line_1_12' title="bbox 308 1437 1248 1514; baseline 0.003 -20"><span class='ocrx_word' id='word_1_70' title='bbox 308 1456 360 1514; x_wconf 93' lang='lat' dir='ltr'>pro</span> <span class='ocrx_word' id='word_1_71' title='bbox 380 1437 580 1512; x_wconf 69' lang='lat' dir='ltr'>magnitudine</span> <span class='ocrx_word' id='word_1_72' title='bbox 600 1438 678 1496; x_wconf 88' lang='lat' dir='ltr'>urbis</span> <span class='ocrx_word' id='word_1_73' title='bbox 704 1444 893 1509; x_wconf 82' lang='lat' dir='ltr'>exstructum,</span> <span class='ocrx_word' id='word_1_74' title='bbox 914 1443 981 1497; x_wconf 87' lang='lat' dir='ltr'>loeo</span> <span class='ocrx_word' id='word_1_75' title='bbox 1000 1442 1049 1498; x_wconf 91' lang='lat' dir='ltr'>cui</span> <span class='ocrx_word' id='word_1_76' title='bbox 1071 1457 1179 1503; x_wconf 85' lang='lat' dir='ltr'>nomen</span> <span class='ocrx_word' id='word_1_77' title='bbox 1247 1482 1248 1511; x_wconf 51' lang='lat'>3</span> 
     </span>
     <span class='ocr_line' id='line_1_13' title="bbox 310 1518 1248 1613; baseline 0 -17"><span class='ocrx_word' id='word_1_78' title='bbox 310 1536 657 1597; x_wconf 65' lang='lat' dir='ltr'>aurelianensium</span> <span class='ocrx_word' id='word_1_79' title='bbox 683 1539 831 1606; x_wconf 70' lang='lat' dir='ltr'>sacellum,</span> <span class='ocrx_word' id='word_1_80' title='bbox 854 1538 988 1611; x_wconf 80' lang='lat' dir='ltr'>Serapidi</span> <span class='ocrx_word' id='word_1_81' title='bbox 1008 1544 1097 1613; x_wconf 82' lang='lat' dir='ltr'>atque</span> <span class='ocrx_word' id='word_1_82' title='bbox 1126 1539 1177 1596; x_wconf 91' lang='lat' dir='ltr'>lsi·</span> <span class='ocrx_word' id='word_1_83' title='bbox 1247 1518 1248 1555; x_wconf 52' lang='lat'><em>³</em></span> 
     </span>
     <span class='ocr_line' id='line_1_14' title="bbox 310 1635 1248 1711; baseline -0.002 -15"><span class='ocrx_word' id='word_1_84' title='bbox 310 1637 343 1696; x_wconf 94' lang='lat' dir='ltr'>di</span> <span class='ocrx_word' id='word_1_85' title='bbox 361 1635 519 1710; x_wconf 82' lang='lat' dir='ltr'>antiquitus</span> <span class='ocrx_word' id='word_1_86' title='bbox 537 1639 690 1692; x_wconf 85' lang='lat' dir='ltr'>sacratum.</span> <span class='ocrx_word' id='word_1_87' title='bbox 731 1636 814 1694; x_wconf 87' lang='lat' dir='ltr'>Haec</span> <span class='ocrx_word' id='word_1_88' title='bbox 828 1637 865 1693; x_wconf 93' lang='lat' dir='ltr'>de</span> <span class='ocrx_word' id='word_1_89' title='bbox 892 1636 1005 1711; x_wconf 76' lang='lat' dir='ltr'>origine</span> <span class='ocrx_word' id='word_1_90' title='bbox 1019 1642 1050 1693; x_wconf 91' lang='lat' dir='ltr'>et</span> <span class='ocrx_word' id='word_1_91' title='bbox 1072 1639 1178 1695; x_wconf 85' lang='lat' dir='ltr'>advec·</span> <span class='ocrx_word' id='word_1_92' title='bbox 1247 1644 1248 1661; x_wconf 48' lang='lat' dir='ltr'>l</span> 
     </span>
     <span class='ocr_line' id='line_1_15' title="bbox 311 1731 1177 1809; baseline -0.001 -16"><span class='ocrx_word' id='word_1_93' title='bbox 311 1740 343 1795; x_wconf 90' lang='lat' dir='ltr'>tu</span> <span class='ocrx_word' id='word_1_94' title='bbox 357 1735 417 1792; x_wconf 90' lang='lat' dir='ltr'>Dei</span> <span class='ocrx_word' id='word_1_95' title='bbox 436 1731 634 1791; x_wconf 87' lang='lat' dir='ltr'>celeberrima.</span> <span class='ocrx_word' id='word_1_96' title='bbox 674 1734 740 1790; x_wconf 88' lang='lat' dir='ltr'>Nec</span> <span class='ocrx_word' id='word_1_97' title='bbox 767 1750 830 1790; x_wconf 89' lang='lat' dir='ltr'>sum</span> <span class='ocrx_word' id='word_1_98' title='bbox 857 1733 983 1807; x_wconf 86' lang='lat' dir='ltr'>ignarus,</span> <span class='ocrx_word' id='word_1_99' title='bbox 1002 1752 1069 1808; x_wconf 79' lang='lat' dir='ltr'>esse</span> <span class='ocrx_word' id='word_1_100' title='bbox 1089 1752 1177 1809; x_wconf 42' lang='lat' dir='ltr'>,quos-</span> 
     </span>
     <span class='ocr_line' id='line_1_16' title="bbox 311 1830 1176 1907; baseline -0.001 -16"><span class='ocrx_word' id='word_1_101' title='bbox 311 1835 388 1900; x_wconf 88' lang='lat' dir='ltr'>dam,</span> <span class='ocrx_word' id='word_1_102' title='bbox 407 1831 456 1906; x_wconf 83' lang='lat' dir='ltr'>qui</span> <span class='ocrx_word' id='word_1_103' title='bbox 476 1830 643 1898; x_wconf 85' lang='lat' dir='ltr'>‘Seleucia,</span> <span class='ocrx_word' id='word_1_104' title='bbox 667 1832 735 1888; x_wconf 89' lang='lat' dir='ltr'>urbe</span> <span class='ocrx_word' id='word_1_105' title='bbox 763 1832 877 1904; x_wconf 81' lang='lat' dir='ltr'>Syriae,</span> <span class='ocrx_word' id='word_1_106' title='bbox 896 1831 1036 1900; x_wconf 88' lang='lat' dir='ltr'>accitum,</span> <span class='ocrx_word' id='word_1_107' title='bbox 1056 1851 1176 1907; x_wconf 87' lang='lat' dir='ltr'>regnan·</span> 
     </span>
     <span class='ocr_line' id='line_1_17' title="bbox 312 1928 1248 2005; baseline 0.001 -17"><span class='ocrx_word' id='word_1_108' title='bbox 312 1935 360 1988; x_wconf 90' lang='lat' dir='ltr'>‘te</span> <span class='ocrx_word' id='word_1_109' title='bbox 375 1930 554 1998; x_wconf 79' lang='lat' dir='ltr'>Ptolemaeo,</span> <span class='ocrx_word' id='word_1_110' title='bbox 574 1945 659 2002; x_wconf 87' lang='lat' dir='ltr'>quem</span> <span class='ocrx_word' id='word_1_111' title='bbox 680 1928 765 1985; x_wconf 86' lang='lat' dir='ltr'>tertia</span> <span class='ocrx_word' id='word_1_112' title='bbox 784 1933 864 1986; x_wconf 90' lang='lat' dir='ltr'>aetas</span> <span class='ocrx_word' id='word_1_113' title='bbox 884 1930 950 1986; x_wconf 90' lang='lat' dir='ltr'>tulit</span> <span class='ocrx_word' id='word_1_114' title='bbox 959 1928 976 1983; x_wconf 73' lang='grc' dir='ltr'>ε’</span> <span class='ocrx_word' id='word_1_115' title='bbox 996 1930 1051 1987; x_wconf 91' lang='lat' dir='ltr'>alii</span> <span class='ocrx_word' id='word_1_116' title='bbox 1064 1936 1178 1989; x_wconf 81' lang='lat' dir='ltr'>‘aneto</span> <span class='ocrx_word' id='word_1_117' title='bbox 1247 1982 1248 2005; x_wconf 19' lang='grc' dir='ltr'>ἶ</span> 
     </span>
     <span class='ocr_line' id='line_1_18' title="bbox 312 2022 1248 2103; baseline -0.003 -15"><span class='ocrx_word' id='word_1_118' title='bbox 312 2037 393 2088; x_wconf 85' lang='lat' dir='ltr'>‘rem</span> <span class='ocrx_word' id='word_1_119' title='bbox 411 2031 535 2087; x_wconf 88' lang='lat' dir='ltr'>eundem</span> <span class='ocrx_word' id='word_1_120' title='bbox 559 2027 769 2094; x_wconf 76' lang='lat' dir='ltr'>Ptolemaeum,</span> <span class='ocrx_word' id='word_1_121' title='bbox 792 2028 900 2093; x_wconf 83' lang='lat' dir='ltr'>aedem,</span> <span class='ocrx_word' id='word_1_122' title='bbox 921 2045 960 2085; x_wconf 84' lang='lat' dir='ltr'>ex</span> <span class='ocrx_word' id='word_1_123' title='bbox 981 2045 1039 2103; x_wconf 85' lang='lat' dir='ltr'>que</span> <span class='ocrx_word' id='word_1_124' title='bbox 1059 2029 1177 2086; x_wconf 87' lang='lat' dir='ltr'>tmusie·</span> <span class='ocrx_word' id='word_1_125' title='bbox 1247 2022 1248 2027; x_wconf 65' lang='grc'>’</span> 
     </span>
     <span class='ocr_line' id='line_1_19' title="bbox 313 2123 1177 2200; baseline -0.003 -14"><span class='ocrx_word' id='word_1_126' title='bbox 313 2129 379 2197; x_wconf 91' lang='lat' dir='ltr'>‘rit,</span> <span class='ocrx_word' id='word_1_127' title='bbox 400 2123 569 2200; x_wconf 85' lang='lat' dir='ltr'>Memphim’</span> <span class='ocrx_word' id='word_1_128' title='bbox 589 2126 749 2199; x_wconf 88' lang='lat' dir='ltr'>perhibent,</span> <span class='ocrx_word' id='word_1_129' title='bbox 768 2124 911 2199; x_wconf 82' lang='lat' dir='ltr'>inclytam</span> <span class='ocrx_word' id='word_1_130' title='bbox 931 2126 1002 2182; x_wconf 89' lang='lat' dir='ltr'>olim</span> <span class='ocrx_word' id='word_1_131' title='bbox 1024 2130 1056 2183; x_wconf 86' lang='lat' dir='ltr'>et</span> <span class='ocrx_word' id='word_1_132' title='bbox 1069 2126 1177 2185; x_wconf 80' lang='lat' dir='ltr'>veteris</span> 
     </span>
     <span class='ocr_line' id='line_1_20' title="bbox 308 2223 1177 2301; baseline 0.002 -20"><span class='ocrx_word' id='word_1_133' title='bbox 308 2226 446 2301; x_wconf 68' lang='lat' dir='ltr'>,Aegypti</span> <span class='ocrx_word' id='word_1_134' title='bbox 472 2226 617 2282; x_wconf 86' lang='lat' dir='ltr'>columen.</span> <span class='ocrx_word' id='word_1_135' title='bbox 658 2224 754 2280; x_wconf 90' lang='lat' dir='ltr'>Deum</span> <span class='ocrx_word' id='word_1_136' title='bbox 781 2223 874 2296; x_wconf 90' lang='lat' dir='ltr'>ipsum</span> <span class='ocrx_word' id='word_1_137' title='bbox 901 2224 984 2281; x_wconf 91' lang='lat' dir='ltr'>multi</span> <span class='ocrx_word' id='word_1_138' title='bbox 1011 2226 1177 2285; x_wconf 77' lang='lat' dir='ltr'>‘Aescula-</span> 
     </span>
     <span class='ocr_line' id='line_1_21' title="bbox 312 2322 1176 2399; baseline -0.001 -17"><span class='ocrx_word' id='word_1_139' title='bbox 312 2325 420 2399; x_wconf 91' lang='lat' dir='ltr'>‘pium,</span> <span class='ocrx_word' id='word_1_140' title='bbox 449 2325 524 2399; x_wconf 88' lang='lat' dir='ltr'>quod</span> <span class='ocrx_word' id='word_1_141' title='bbox 551 2324 700 2383; x_wconf 87' lang='lat' dir='ltr'>medeatur</span> <span class='ocrx_word' id='word_1_142' title='bbox 725 2322 818 2395; x_wconf 88' lang='lat' dir='ltr'>aegris</span> <span class='ocrx_word' id='word_1_143' title='bbox 845 2322 1010 2396; x_wconf 88' lang='lat' dir='ltr'>corporibus</span> <span class='ocrx_word' id='word_1_144' title='bbox 1021 2322 1040 2393; x_wconf 87' lang='lat'>;’</span> <span class='ocrx_word' id='word_1_145' title='bbox 1060 2325 1176 2398; x_wconf 86' lang='lat' dir='ltr'>quidam</span> 
     </span>
     <span class='ocr_line' id='line_1_22' title="bbox 313 2420 1177 2497; baseline -0.002 -14"><span class='ocrx_word' id='word_1_146' title='bbox 313 2423 440 2490; x_wconf 68' lang='lat' dir='ltr'>‘Osirim</span> <span class='ocrx_word' id='word_1_147' title='bbox 459 2421 689 2497; x_wconf 82' lang='lat' dir='ltr'>antiquissimum</span> <span class='ocrx_word' id='word_1_148' title='bbox 713 2420 771 2477; x_wconf 89' lang='lat' dir='ltr'>illis</span> <span class='ocrx_word' id='word_1_149' title='bbox 790 2421 925 2495; x_wconf 85' lang='lat' dir='ltr'>gentibus</span> <span class='ocrx_word' id='word_1_150' title='bbox 943 2422 1092 2480; x_wconf 80' lang='lat' dir='ltr'>Numeuz’</span> <span class='ocrx_word' id='word_1_151' title='bbox 1121 2427 1177 2496; x_wconf 90' lang='lat' dir='ltr'>ple·</span> 
     </span>
     <span class='ocr_line' id='line_1_23' title="bbox 312 2519 1178 2595; baseline 0 -17"><span class='ocrx_word' id='word_1_152' title='bbox 312 2521 394 2595; x_wconf 85' lang='lat' dir='ltr'>rique</span> <span class='ocrx_word' id='word_1_153' title='bbox 414 2521 544 2590; x_wconf 71' lang='lat' dir='ltr'>‘lovem</span> <span class='ocrx_word' id='word_1_154' title='bbox 564 2525 596 2578; x_wconf 85' lang='lat' dir='ltr'>ut</span> <span class='ocrx_word' id='word_1_155' title='bbox 615 2536 708 2579; x_wconf 86' lang='lat' dir='ltr'>rerum</span> <span class='ocrx_word' id='word_1_156' title='bbox 721 2519 849 2576; x_wconf 91' lang='lat' dir='ltr'>omnium</span> <span class='ocrx_word' id='word_1_157' title='bbox 869 2519 1046 2592; x_wconf 79' lang='lat' dir='ltr'>potentem3&#39;</span> <span class='ocrx_word' id='word_1_158' title='bbox 1063 2521 1178 2593; x_wconf 89' lang='lat' dir='ltr'>plurimi</span> 
     </span>
    </p>

    <p class='ocr_par' dir='ltr' id='par_1_3' title="bbox 239 2616 1178 2787">
     <span class='ocr_line' id='line_1_24' title="bbox 239 2616 1178 2692; baseline 0.003 -18"><span class='ocrx_word' id='word_1_159' title='bbox 239 2657 247 2662; x_wconf 89' lang='lat'>-</span> <span class='ocrx_word' id='word_1_160' title='bbox 313 2618 433 2675; x_wconf 87' lang='lat' dir='ltr'>‘Ditem</span> <span class='ocrx_word' id='word_1_161' title='bbox 454 2626 574 2690; x_wconf 88' lang='lat' dir='ltr'>patrem,</span> <span class='ocrx_word' id='word_1_162' title='bbox 593 2616 762 2690; x_wconf 87' lang='lat' dir='ltr'>insignibus,</span> <span class='ocrx_word' id='word_1_163' title='bbox 782 2635 855 2692; x_wconf 88' lang='lat' dir='ltr'>quae</span> <span class='ocrx_word' id='word_1_164' title='bbox 881 2617 991 2691; x_wconf 86' lang='lat' dir='ltr'>inipso</span> <span class='ocrx_word' id='word_1_165' title='bbox 1005 2619 1178 2688; x_wconf 53' lang='lat' dir='ltr'>manifesta?</span> 
     </span>
     <span class='ocr_line' id='line_1_25' title="bbox 312 2716 791 2787; baseline 0 -16"><span class='ocrx_word' id='word_1_166' title='bbox 312 2718 361 2771; x_wconf 86' lang='lat' dir='ltr'>aut</span> <span class='ocrx_word' id='word_1_167' title='bbox 381 2731 432 2786; x_wconf 89' lang='lat' dir='ltr'>per</span> <span class='ocrx_word' id='word_1_168' title='bbox 450 2716 586 2787; x_wconf 82' lang='lat' dir='ltr'>ambages</span> <span class='ocrx_word' id='word_1_169' title='bbox 612 2716 791 2772; x_wconf 85' lang='lat' dir='ltr'>coniectent.</span> 
     </span>
    </p>

    <p class='ocr_par' dir='ltr' id='par_1_4' title="bbox 264 2810 1180 3082">
     <span class='ocr_line' id='line_1_26' title="bbox 264 2810 1176 2891; baseline 0.005 -23"><span class='ocrx_word' id='word_1_170' title='bbox 264 2832 303 2891; x_wconf 76' lang='lat'>35</span> <span class='ocrx_word' id='word_1_171' title='bbox 354 2813 397 2869; x_wconf 85' lang='lat' dir='ltr'>At</span> <span class='ocrx_word' id='word_1_172' title='bbox 426 2810 611 2869; x_wconf 88' lang='lat' dir='ltr'>Domitianus</span> <span class='ocrx_word' id='word_1_173' title='bbox 637 2812 857 2887; x_wconf 75' lang='lat' dir='ltr'>Mucianusque,</span> <span class='ocrx_word' id='word_1_174' title='bbox 882 2818 1037 2888; x_wconf 86' lang='lat' dir='ltr'>antequam</span> <span class='ocrx_word' id='word_1_175' title='bbox 1054 2815 1176 2888; x_wconf 82' lang='lat' dir='ltr'>Alpibus</span> 
     </span>
     <span class='ocr_line' id='line_1_27' title="bbox 314 2904 1180 2988; baseline 0.001 -18"><span class='ocrx_word' id='word_1_176' title='bbox 314 2904 546 2988; x_wconf 83' lang='lat' dir='ltr'>propinquarent,</span> <span class='ocrx_word' id='word_1_177' title='bbox 578 2927 727 2984; x_wconf 84' lang='lat' dir='ltr'>prosperos</span> <span class='ocrx_word' id='word_1_178' title='bbox 751 2929 844 2968; x_wconf 88' lang='lat' dir='ltr'>rerum</span> <span class='ocrx_word' id='word_1_179' title='bbox 865 2911 896 2969; x_wconf 92' lang='lat' dir='ltr'>in</span> <span class='ocrx_word' id='word_1_180' title='bbox 917 2912 1061 2969; x_wconf 71' lang='lat' dir='ltr'>Treveris</span> <span class='ocrx_word' id='word_1_181' title='bbox 1087 2922 1180 2987; x_wconf 86' lang='lat' dir='ltr'>gesta·</span> 
     </span>
     <span class='ocr_line' id='line_1_28' title="bbox 316 3008 1180 3082; baseline 0 -14"><span class='ocrx_word' id='word_1_182' title='bbox 316 3029 378 3071; x_wconf 89' lang='lat' dir='ltr'>rum</span> <span class='ocrx_word' id='word_1_183' title='bbox 405 3008 520 3068; x_wconf 88' lang='lat' dir='ltr'>nuntios</span> <span class='ocrx_word' id='word_1_184' title='bbox 546 3025 696 3081; x_wconf 87' lang='lat' dir='ltr'>accepere.</span> <span class='ocrx_word' id='word_1_185' title='bbox 748 3009 908 3082; x_wconf 84' lang='lat' dir='ltr'>Praecipua</span> <span class='ocrx_word' id='word_1_186' title='bbox 929 3010 1073 3067; x_wconf 88' lang='lat' dir='ltr'>victoriae</span> <span class='ocrx_word' id='word_1_187' title='bbox 1100 3013 1180 3079; x_wconf 85' lang='lat' dir='ltr'>fides,</span> 
     </span>
    </p>

    <p class='ocr_par' dir='ltr' id='par_1_5' title="bbox 256 3107 1181 3571">
     <span class='ocr_line' id='line_1_29' title="bbox 256 3107 1181 3181; baseline -0.004 -11"><span class='ocrx_word' id='word_1_188' title='bbox 256 3177 257 3180; x_wconf 8' lang='grc' dir='ltr'><strong>Ἴ</strong></span> <span class='ocrx_word' id='word_1_189' title='bbox 317 3111 389 3170; x_wconf 82' lang='lat' dir='ltr'>ltux</span> <span class='ocrx_word' id='word_1_190' title='bbox 408 3107 533 3165; x_wconf 86' lang='lat' dir='ltr'>hostium</span> <span class='ocrx_word' id='word_1_191' title='bbox 556 3107 742 3174; x_wconf 80' lang='lat' dir='ltr'>Valentinus,</span> <span class='ocrx_word' id='word_1_192' title='bbox 772 3124 952 3181; x_wconf 87' lang='lat' dir='ltr'>nequaquam</span> <span class='ocrx_word' id='word_1_193' title='bbox 979 3107 1099 3165; x_wconf 89' lang='lat' dir='ltr'>abiecto</span> <span class='ocrx_word' id='word_1_194' title='bbox 1123 3109 1181 3166; x_wconf 85' lang='lat' dir='ltr'>ani·</span> 
     </span>
     <span class='ocr_line' id='line_1_30' title="bbox 318 3205 1179 3281; baseline 0 -18"><span class='ocrx_word' id='word_1_195' title='bbox 318 3227 375 3276; x_wconf 86' lang='lat' dir='ltr'>mo,</span> <span class='ocrx_word' id='word_1_196' title='bbox 394 3224 464 3281; x_wconf 81' lang='lat' dir='ltr'>quos</span> <span class='ocrx_word' id='word_1_197' title='bbox 484 3205 599 3276; x_wconf 87' lang='lat' dir='ltr'>spiritus</span> <span class='ocrx_word' id='word_1_198' title='bbox 619 3205 763 3277; x_wconf 85' lang='lat' dir='ltr'>gessisset,</span> <span class='ocrx_word' id='word_1_199' title='bbox 788 3208 870 3261; x_wconf 85' lang='lat' dir='ltr'>vultu</span> <span class='ocrx_word' id='word_1_200' title='bbox 891 3206 1010 3261; x_wconf 84' lang='lat' dir='ltr'>serebat.</span> <span class='ocrx_word' id='word_1_201' title='bbox 1054 3207 1179 3263; x_wconf 85' lang='lat' dir='ltr'>Auditus</span> 
     </span>
     <span class='ocr_line' id='line_1_31' title="bbox 310 3301 1181 3376; baseline -0.002 -12"><span class='ocrx_word' id='word_1_202' title='bbox 310 3307 385 3365; x_wconf 89' lang='lat' dir='ltr'>-ideo</span> <span class='ocrx_word' id='word_1_203' title='bbox 408 3310 528 3368; x_wconf 86' lang='lat' dir='ltr'>tantum,</span> <span class='ocrx_word' id='word_1_204' title='bbox 549 3308 580 3358; x_wconf 91' lang='lat' dir='ltr'>ut</span> <span class='ocrx_word' id='word_1_205' title='bbox 607 3309 772 3359; x_wconf 87' lang='lat' dir='ltr'>nosceretur</span> <span class='ocrx_word' id='word_1_206' title='bbox 797 3302 947 3376; x_wconf 82' lang='lat' dir='ltr'>ingenium</span> <span class='ocrx_word' id='word_1_207' title='bbox 966 3301 1038 3367; x_wconf 89' lang='lat' dir='ltr'>eius,</span> <span class='ocrx_word' id='word_1_208' title='bbox 1067 3306 1181 3362; x_wconf 87' lang='lat' dir='ltr'>damua-</span> 
     </span>
     <span class='ocr_line' id='line_1_32' title="bbox 319 3396 1179 3475; baseline -0.002 -16"><span class='ocrx_word' id='word_1_209' title='bbox 319 3407 429 3475; x_wconf 73' lang='lat' dir='ltr'>tuaque,</span> <span class='ocrx_word' id='word_1_210' title='bbox 449 3399 524 3454; x_wconf 81' lang='lat' dir='ltr'>inter</span> <span class='ocrx_word' id='word_1_211' title='bbox 544 3399 637 3470; x_wconf 79' lang='lat' dir='ltr'>ipsum</span> <span class='ocrx_word' id='word_1_212' title='bbox 657 3396 838 3469; x_wconf 85' lang='lat' dir='ltr'>supplicium,</span> <span class='ocrx_word' id='word_1_213' title='bbox 858 3397 1045 3469; x_wconf 78' lang='lat' dir='ltr'>exprobranti</span> <span class='ocrx_word' id='word_1_214' title='bbox 1067 3399 1179 3457; x_wconf 88' lang='lat' dir='ltr'>cuidam</span> 
     </span>
     <span class='ocr_line' id='line_1_33' title="bbox 318 3494 1180 3571; baseline 0 -16"><span class='ocrx_word' id='word_1_215' title='bbox 318 3496 459 3571; x_wconf 83' lang='lat' dir='ltr'>‘patriam</span> <span class='ocrx_word' id='word_1_216' title='bbox 473 3495 534 3553; x_wconf 79' lang='lat' dir='ltr'>eiua</span> <span class='ocrx_word' id='word_1_217' title='bbox 558 3501 683 3570; x_wconf 80' lang='lat' dir='ltr'>captam,</span> <span class='ocrx_word' id='word_1_218' title='bbox 703 3495 837 3570; x_wconf 84' lang='lat' dir='ltr'>accipere</span> <span class='ocrx_word' id='word_1_219' title='bbox 857 3513 888 3553; x_wconf 90' lang='lat' dir='ltr'>se</span> <span class='ocrx_word' id='word_1_220' title='bbox 908 3494 1045 3554; x_wconf 87' lang='lat' dir='ltr'>solatium</span> <span class='ocrx_word' id='word_1_221' title='bbox 1066 3495 1180 3569; x_wconf 58' lang='lat' dir='ltr'>mortis}</span> 
     </span>
    </p>
   </div>
   <div class='ocr_carea' id='block_1_3' title="bbox 0 0 1268 4292">
    <p class='ocr_par' dir='ltr' id='par_1_6' title="bbox 0 0 1268 4292">
     <span class='ocr_line' id='line_1_34' title="bbox 0 0 1268 4292; baseline 0 0"><span class='ocrx_word' id='word_1_222' title='bbox 0 0 1268 4292; x_wconf 95' lang='lat' dir='ltr'> </span> 
     </span>
    </p>
   </div>
  </div>
 </body>
</html>
