2509 4292
272 321 347 387 210
531 334 535 341 ·
569 339 822 388 araronmavsr
985 347 1025 399 a.
1040 346 1071 393 v.
1085 348 1138 396 aaa

270 508 371 549 ronam
399 491 630 568 Cremonamque
656 494 728 551 altus
754 499 798 551 eat
825 493 919 562 vicus,
943 496 1054 555 duabus
1074 500 1135 558 iam

270 590 413 649 Romania
436 592 567 648 cladibus
587 597 672 649 notus
690 592 896 666 inlaustuaque.
941 593 1050 652 lisdem
1078 596 1138 653 die·
1199 634 1223 669 3

270 690 355 747 busa
377 688 486 747 Martio
506 690 608 747 Macro
621 691 698 747 haud
712 692 811 763 procul
832 691 978 749 Cremona
1003 711 1140 768 prospero
1221 722 1223 747 ;

275 794 442 862 pugnatum.
475 804 599 861 namque
618 794 767 862 promptus
780 788 871 845 animi
898 789 1022 848 Martius
1050 798 1141 849 trana-

270 894 374 943 vectus
389 886 511 943 navibus
524 886 702 959 gladiatores
725 887 756 943 in
781 887 932 945 adversam
953 888 1027 945 Padi
1046 890 1141 964 ripam

270 991 390 1058 repente
403 984 512 1041 effudit.
554 983 688 1041 Turbata
713 984 754 1041 ibi
772 985 999 1043 Vitellianorum
1019 987 1142 1055 auxilia¹

269 1088 309 1150 et,
335 1081 440 1139 ceteris
467 1082 644 1139 Cremonam
670 1082 857 1156 fugientibus,
880 1083 970 1151 caesi,
992 1085 1041 1158 qui
1056 1087 1139 1143 reali·
1222 1072 1223 1123 Ῐ

269 1184 373 1237 terant.
405 1180 457 1236 aed
481 1197 626 1252 repressus
655 1181 838 1239 vincentium
857 1181 991 1254 impetus,
1016 1201 1064 1248 ne,
1089 1201 1139 1241 no·

270 1279 314 1335 vis
327 1277 463 1336 subsidiis
487 1279 601 1345 firmati,
624 1280 722 1336 hortea
746 1279 890 1337 fortunam
916 1281 1018 1353 praelii
1041 1289 1134 1339 muta·

252 1384 343 1435 ·reat.
397 1377 569 1449 Suspectum
597 1376 627 1433 id
655 1377 830 1434 Othonianis
856 1377 926 1443 luit,
948 1378 1047 1435 omnia
1077 1381 1138 1438 Du·

268 1493 335 1533 cum
349 1476 427 1533 lacta
449 1492 538 1547 prave
559 1475 788 1533 aestimantibus.
830 1476 983 1545 Certatim,
1006 1475 1139 1552 ut‘quia

269 1593 324 1650 que
351 1574 450 1631 animo
477 1574 608 1647 ignavus,
637 1591 745 1646 procax
773 1591 835 1641 ore²
862 1574 993 1631 Annium
1014 1576 1139 1634 Gallum

269 1679 300 1732 et
324 1672 495 1731 Suetonium
511 1671 684 1738 Paulinum,
710 1676 741 1727 et
766 1671 891 1729 Marium
913 1673 1033 1730 Celsum
1050 1672 1138 1751 (nam

268 1790 319 1833 eos
339 1773 418 1832 Otho
439 1788 552 1847 quoque
576 1768 765 1846 praefecerat)
788 1768 875 1827 variis
901 1770 1073 1849 criminibus
1094 1774 1138 1831 in·

269 1874 431 1933 curabant.
475 1868 625 1928 Acerrima
651 1867 828 1925 seditionum
850 1885 886 1926 ac
905 1867 1070 1945 discordiae
1092 1871 1137 1931 in·

269 1973 436 2037 citsmenta,
467 1967 666 2026 interfectores
696 1966 819 2024 Galbae.
847 1970 958 2026 scelere
992 1973 1023 2031 et
1052 1974 1136 2026 metu

269 2072 420 2137 vecordes,
453 2067 574 2124 miscere
604 2069 722 2132 cuncta,
755 2065 841 2122 modo
874 2067 968 2143 palam
1008 2067 1137 2124 turbidis

269 2171 400 2234 vocibus,
427 2169 513 2224 modo
539 2152 662 2222 occultis
689 2164 727 2220 ad
753 2164 900 2221 Othonem
927 2163 1050 2222 titteris:
1082 2165 1135 2240 qui

267 2267 432 2326 humillimo
464 2264 568 2339 cuique
601 2263 744 2330 credulus,
778 2263 871 2319 bonos
902 2266 1043 2327 metuens,
1078 2269 1136 2320 tre·

174 2428 183 2441 „
266 2367 402 2438 pidatrat3
423 2364 507 2420 rebus
531 2362 671 2435 prosperis
692 2360 829 2426 incertus,
852 2365 883 2417 et
905 2360 983 2417 inter
1005 2361 1135 2419 adversa

266 2463 377 2520 melior.
430 2460 522 2534 Igitur
554 2459 720 2524 Titianum,
745 2456 870 2525 tratrem,
896 2458 1023 2533 accitum
1049 2459 1132 2516 bello

265 2557 438 2632 praeposuit.
500 2559 616 2615 Interea
644 2556 772 2614 Paullini
796 2561 826 2613 et
854 2555 934 2614 Celsi
967 2540 1062 2613 ductu
1081 2574 1131 2614 res
1221 2558 1222 2591 ³

214 2665 255 2723 ‘24
265 2658 398 2733 egregiae
419 2662 528 2730 gestae.
571 2656 730 2728 Angebant
753 2655 914 2729 Caecinam
935 2646 1131 2728 nequidquam

264 2757 362 2814 omnia
394 2761 508 2827 coerula,
540 2758 572 2810 et
604 2770 761 2811 senescens
791 2753 937 2811 exercitus
968 2753 1010 2810 aui
1035 2751 1128 2810 lama.

264 2856 361 2929 pulsus
388 2852 551 2919 Placentia,
571 2851 665 2907 caesia
693 2868 784 2923 nuper
805 2851 933 2918 auxiliis,
959 2851 1045 2908 etiam
1070 2868 1127 2923 per
1221 2850 1222 2861 ¹

264 2970 435 3013 concursum
455 2953 679 3023 exploratorum,
692 2952 800 3013 crebra
818 2950 909 3023 magis
929 2966 1014 3023 quam
1035 2931 1129 3022 digna

264 3056 422 3112 memoratu
455 3049 574 3123 proelia,
606 3047 743 3116 inleri0r3
782 3049 991 3121 propinquante
1030 3048 1129 3105 Fabio

263 3153 403 3221 Valente,
417 3167 454 3207 ne
474 3164 560 3205 omne
585 3145 656 3203 belli
678 3146 769 3204 decus
788 3145 856 3203 illuc
880 3146 1064 3212 concederet,
1086 3164 1129 3203 re·

292 3321 575 3380 auscultandum]
606 3319 687 3366 Altera
702 3319 807 3373 Othonis,
822 3318 908 3365 victore
922 3317 1034 3364 Vitellio:
1054 3319 1131 3365 altera

261 3384 359 3439 vitellii,
375 3383 476 3428 vincente
490 3380 636 3440 Vespasiano.
652 3379 681 3422 de
697 3392 741 3437 qua
756 3384 830 3423 noster
846 3378 886 3431 ΙΙΙ,
905 3381 936 3423 15.
948 3391 981 3437 aq.
1013 3377 1130 3436 Eavulgo
1166 3414 1171 3425 .
1220 3386 1221 3393 ¹

261 3443 344 3491 dicitnr
363 3442 391 3486 ad
410 3441 543 3485 Cremonam
561 3439 638 3483 tacta:
663 3437 702 3482 aed
722 3436 780 3482 inter
798 3436 931 3482 Cremonam
950 3442 974 3482 et
996 3434 1130 3482 Bedriacum
1220 3456 1221 3459 ¹

260 3507 380 3558 pugnatum
390 3506 431 3552 est.
446 3511 517 3557 eaque
530 3498 560 3542 de
573 3510 651 3541 carrara
664 3494 708 3539 atri
725 3509 753 3539 ne
767 3495 818 3540 loco
832 3493 950 3555 praelium.
966 3507 1027 3539 more
1036 3494 1078 3540 scri
1096 3499 1130 3540 to
1220 3462 1221 3547 l

260 3569 317 3610 nrm,
327 3555 436 3613 adsignari
446 3561 527 3615 potest.
559 3555 611 3601 Vid.
622 3553 684 3602 diota
693 3509 723 3599 ag
732 3552 835 3614 Xenoph.
846 3553 920 3602 Mem.
932 3555 957 3600 S.
968 3553 1011 3610 lll,
1019 3557 1041 3600 5.
1122 3585 1129 3600 .
1220 3552 1221 3597 l
