<?xml version="1.0" encoding="UTF-8"?>
<!DOCTYPE html PUBLIC "-//W3C//DTD XHTML 1.0 Transitional//EN"
    "http://www.w3.org/TR/xhtml1/DTD/xhtml1-transitional.dtd">
<html xmlns="http://www.w3.org/1999/xhtml" xml:lang="en" lang="en">
 <head>
  <title>
</title>
<meta http-equiv="Content-Type" content="text/html;charset=utf-8" />
  <meta name='ocr-system' content='tesseract 3.04.00' />
  <meta name='ocr-capabilities' content='ocr_page ocr_carea ocr_par ocr_line ocrx_word'/>
</head>
<body>
  <div class='ocr_page' id='page_1' title='image "./ccorneliitaciti03brotgoog_0079.png"; bbox 0 0 2509 4292; ppageno 0'>
   <div class='ocr_carea' id='block_1_1' title="bbox 92 340 969 410">
    <p class='ocr_par' dir='ltr' id='par_1_1' title="bbox 92 340 969 410">
     <span class='ocr_line' id='line_1_1' title="bbox 92 340 969 410; baseline 0.008 -7"><span class='ocrx_word' id='word_1_1' title='bbox 92 355 165 404; x_wconf 76' lang='lat' dir='ltr'><strong>ac.</strong></span> <span class='ocrx_word' id='word_1_2' title='bbox 181 356 221 404; x_wconf 82' lang='lat' dir='ltr'><strong>ra.</strong></span> <span class='ocrx_word' id='word_1_3' title='bbox 350 357 420 404; x_wconf 80' lang='lat' dir='ltr'><strong>sm.</strong></span> <span class='ocrx_word' id='word_1_4' title='bbox 438 357 495 405; x_wconf 81' lang='lat' dir='ltr'><strong>xv.</strong></span> <span class='ocrx_word' id='word_1_5' title='bbox 537 358 617 405; x_wconf 83' lang='lat' dir='ltr'><strong>car.</strong></span> <span class='ocrx_word' id='word_1_6' title='bbox 638 340 804 407; x_wconf 81' lang='grc'><strong>12.-14.</strong></span> <span class='ocrx_word' id='word_1_7' title='bbox 921 344 969 410; x_wconf 68' lang='lat'><strong>57</strong></span> 
     </span>
    </p>
   </div>
   <div class='ocr_carea' id='block_1_2' title="bbox 93 507 1026 3747">
    <p class='ocr_par' dir='ltr' id='par_1_2' title="bbox 93 507 1026 3747">
     <span class='ocr_line' id='line_1_2' title="bbox 93 507 971 589; baseline 0.011 -25"><span class='ocrx_word' id='word_1_8' title='bbox 93 507 148 565; x_wconf 84' lang='lat' dir='ltr'><strong>llis</strong></span> <span class='ocrx_word' id='word_1_9' title='bbox 172 515 267 584; x_wconf 90' lang='lat' dir='ltr'><strong>atque</strong></span> <span class='ocrx_word' id='word_1_10' title='bbox 288 510 394 568; x_wconf 86' lang='lat' dir='ltr'><strong>talibus</strong></span> <span class='ocrx_word' id='word_1_11' title='bbox 416 512 447 568; x_wconf 89' lang='lat' dir='ltr'><strong>in</strong></span> <span class='ocrx_word' id='word_1_12' title='bbox 474 528 629 571; x_wconf 86' lang='lat' dir='ltr'><strong>commune</strong></span> <span class='ocrx_word' id='word_1_13' title='bbox 661 515 783 578; x_wconf 85' lang='lat' dir='ltr'><strong>alacres,</strong></span> <span class='ocrx_word' id='word_1_14' title='bbox 810 513 854 589; x_wconf 86' lang='lat' dir='ltr'><strong>(et</strong></span> <span class='ocrx_word' id='word_1_15' title='bbox 878 521 971 585; x_wconf 81' lang='lat' dir='ltr'><strong>erunt,</strong></span> 
     </span>
     <span class='ocr_line' id='line_1_3' title="bbox 93 609 971 685; baseline 0.013 -24"><span class='ocrx_word' id='word_1_16' title='bbox 93 625 162 680; x_wconf 90' lang='lat' dir='ltr'><strong>qnos</strong></span> <span class='ocrx_word' id='word_1_17' title='bbox 199 609 335 681; x_wconf 85' lang='lat' dir='ltr'><strong>pericula</strong></span> <span class='ocrx_word' id='word_1_18' title='bbox 366 611 486 669; x_wconf 75' lang='lat' dir='ltr'><strong>fratrum</strong></span> <span class='ocrx_word' id='word_1_19' title='bbox 520 617 570 668; x_wconf 86' lang='lat' dir='ltr'><strong>aut</strong></span> <span class='ocrx_word' id='word_1_20' title='bbox 601 611 827 685; x_wconf 83' lang='lat' dir='ltr'><strong>propinquorum</strong></span> <span class='ocrx_word' id='word_1_21' title='bbox 852 615 971 685; x_wconf 87' lang='lat' dir='ltr'><strong>propriis</strong></span> 
     </span>
     <span class='ocr_line' id='line_1_4' title="bbox 93 706 973 785; baseline 0.007 -23"><span class='ocrx_word' id='word_1_22' title='bbox 93 707 223 764; x_wconf 87' lang='lat' dir='ltr'><strong>stimulis</strong></span> <span class='ocrx_word' id='word_1_23' title='bbox 245 706 456 785; x_wconf 77' lang='lat' dir='ltr'><strong>incenderent)</strong></span> <span class='ocrx_word' id='word_1_24' title='bbox 472 708 643 766; x_wconf 89' lang='lat' dir='ltr'><strong>continuum</strong></span> <span class='ocrx_word' id='word_1_25' title='bbox 668 710 719 767; x_wconf 84' lang='lat' dir='ltr'><strong>din</strong></span> <span class='ocrx_word' id='word_1_26' title='bbox 750 717 895 785; x_wconf 89' lang='lat' dir='ltr'><strong>noctuque</strong></span> <span class='ocrx_word' id='word_1_27' title='bbox 917 712 973 769; x_wconf 87' lang='lat' dir='ltr'><strong>iter</strong></span> 
     </span>
     <span class='ocr_line' id='line_1_5' title="bbox 94 799 1024 882; baseline 0.008 -22"><span class='ocrx_word' id='word_1_28' title='bbox 94 808 301 876; x_wconf 69' lang='lat' dir='ltr'><strong>properabant.</strong></span> <span class='ocrx_word' id='word_1_29' title='bbox 358 808 460 879; x_wconf 81' lang='lat' dir='ltr'><strong>qube</strong></span> <span class='ocrx_word' id='word_1_30' title='bbox 488 808 628 865; x_wconf 86' lang='lat' dir='ltr'><strong>intentius</strong></span> <span class='ocrx_word' id='word_1_31' title='bbox 652 809 816 882; x_wconf 75' lang='lat' dir='ltr'><strong>Vologeses</strong></span> <span class='ocrx_word' id='word_1_32' title='bbox 844 826 972 882; x_wconf 79' lang='lat' dir='ltr'><strong>premere</strong></span> <span class='ocrx_word' id='word_1_33' title='bbox 986 799 1024 857; x_wconf 75' lang='lat'><strong>¹3</strong></span> 
     </span>
     <span class='ocr_line' id='line_1_6' title="bbox 96 903 973 978; baseline 0.007 -20"><span class='ocrx_word' id='word_1_34' title='bbox 96 903 241 973; x_wconf 74' lang='lat' dir='ltr'><strong>obsessor,</strong></span> <span class='ocrx_word' id='word_1_35' title='bbox 265 906 352 961; x_wconf 91' lang='lat' dir='ltr'><strong>modo</strong></span> <span class='ocrx_word' id='word_1_36' title='bbox 379 908 489 963; x_wconf 83' lang='lat' dir='ltr'><strong>vallum</strong></span> <span class='ocrx_word' id='word_1_37' title='bbox 517 907 673 978; x_wconf 79' lang='lat' dir='ltr'><strong>legionum,</strong></span> <span class='ocrx_word' id='word_1_38' title='bbox 697 909 784 964; x_wconf 87' lang='lat' dir='ltr'><strong>modo</strong></span> <span class='ocrx_word' id='word_1_39' title='bbox 810 910 973 976; x_wconf 87' lang='lat' dir='ltr'><strong>castellum,</strong></span> 
     </span>
     <span class='ocr_line' id='line_1_7' title="bbox 95 1001 974 1079; baseline 0.007 -22"><span class='ocrx_word' id='word_1_40' title='bbox 95 1018 154 1075; x_wconf 90' lang='lat' dir='ltr'><strong>quo</strong></span> <span class='ocrx_word' id='word_1_41' title='bbox 166 1001 288 1059; x_wconf 89' lang='lat' dir='ltr'><strong>inbellis</strong></span> <span class='ocrx_word' id='word_1_42' title='bbox 314 1010 395 1059; x_wconf 87' lang='lat' dir='ltr'><strong>aetas</strong></span> <span class='ocrx_word' id='word_1_43' title='bbox 417 1004 634 1069; x_wconf 73' lang='lat' dir='ltr'><strong>defendebatur,</strong></span> <span class='ocrx_word' id='word_1_44' title='bbox 658 1006 834 1078; x_wconf 76' lang='lat' dir='ltr'><strong>adpugnare,</strong></span> <span class='ocrx_word' id='word_1_45' title='bbox 857 1007 974 1079; x_wconf 86' lang='lat' dir='ltr'><strong>propius</strong></span> 
     </span>
     <span class='ocr_line' id='line_1_8' title="bbox 94 1099 973 1174; baseline 0.006 -18"><span class='ocrx_word' id='word_1_46' title='bbox 94 1099 252 1167; x_wconf 87' lang='lat' dir='ltr'><strong>incedens,</strong></span> <span class='ocrx_word' id='word_1_47' title='bbox 273 1118 360 1174; x_wconf 89' lang='lat' dir='ltr'><strong>qnam</strong></span> <span class='ocrx_word' id='word_1_48' title='bbox 381 1119 443 1158; x_wconf 87' lang='lat' dir='ltr'><strong>mos</strong></span> <span class='ocrx_word' id='word_1_49' title='bbox 467 1102 592 1168; x_wconf 82' lang='lat' dir='ltr'><strong>Partlris,</strong></span> <span class='ocrx_word' id='word_1_50' title='bbox 615 1104 641 1159; x_wconf 92' lang='lat' dir='ltr'><strong>si</strong></span> <span class='ocrx_word' id='word_1_51' title='bbox 665 1121 701 1159; x_wconf 86' lang='lat' dir='ltr'><strong>ee</strong></span> <span class='ocrx_word' id='word_1_52' title='bbox 724 1104 888 1161; x_wconf 76' lang='lat' dir='ltr'><strong>temeritate</strong></span> <span class='ocrx_word' id='word_1_53' title='bbox 909 1105 973 1161; x_wconf 86' lang='lat' dir='ltr'><strong>bos·</strong></span> 
     </span>
     <span class='ocr_line' id='line_1_9' title="bbox 96 1190 972 1271; baseline 0.005 -15"><span class='ocrx_word' id='word_1_54' title='bbox 96 1190 155 1256; x_wconf 69' lang='lat' dir='ltr'><strong>rem</strong></span> <span class='ocrx_word' id='word_1_55' title='bbox 180 1199 213 1255; x_wconf 89' lang='lat' dir='ltr'><strong>in</strong></span> <span class='ocrx_word' id='word_1_56' title='bbox 236 1201 380 1271; x_wconf 85' lang='lat' dir='ltr'><strong>praelium</strong></span> <span class='ocrx_word' id='word_1_57' title='bbox 399 1202 530 1257; x_wconf 74' lang='lat' dir='ltr'><strong>eliceret.</strong></span> <span class='ocrx_word' id='word_1_58' title='bbox 574 1203 615 1258; x_wconf 79' lang='lat' dir='ltr'><strong>At</strong></span> <span class='ocrx_word' id='word_1_59' title='bbox 638 1202 683 1258; x_wconf 93' lang='lat' dir='ltr'><strong>illi</strong></span> <span class='ocrx_word' id='word_1_60' title='bbox 703 1203 754 1258; x_wconf 83' lang='lat' dir='ltr'><strong>vis</strong></span> <span class='ocrx_word' id='word_1_61' title='bbox 774 1202 972 1260; x_wconf 86' lang='lat' dir='ltr'><strong>contuberniis</strong></span> 
     </span>
     <span class='ocr_line' id='line_1_10' title="bbox 96 1298 972 1375; baseline 0.005 -21"><span class='ocrx_word' id='word_1_62' title='bbox 96 1298 247 1355; x_wconf 75' lang='lat' dir='ltr'><strong>extracti:</strong></span> <span class='ocrx_word' id='word_1_63' title='bbox 281 1314 338 1355; x_wconf 89' lang='lat' dir='ltr'><strong>nec</strong></span> <span class='ocrx_word' id='word_1_64' title='bbox 364 1299 444 1355; x_wconf 86' lang='lat' dir='ltr'><strong>aliud</strong></span> <span class='ocrx_word' id='word_1_65' title='bbox 479 1317 565 1373; x_wconf 88' lang='lat' dir='ltr'><strong>qnam</strong></span> <span class='ocrx_word' id='word_1_66' title='bbox 599 1300 779 1356; x_wconf 87' lang='lat' dir='ltr'><strong>munimenta</strong></span> <span class='ocrx_word' id='word_1_67' title='bbox 814 1318 972 1375; x_wconf 74' lang='lat' dir='ltr'><strong>propugna-</strong></span> 
     </span>
     <span class='ocr_line' id='line_1_11' title="bbox 98 1397 972 1486; baseline 0.008 -35"><span class='ocrx_word' id='word_1_68' title='bbox 98 1397 186 1452; x_wconf 87' lang='lat' dir='ltr'><strong>bant:</strong></span> <span class='ocrx_word' id='word_1_69' title='bbox 216 1413 282 1468; x_wconf 86' lang='lat' dir='ltr'><strong>pars</strong></span> <span class='ocrx_word' id='word_1_70' title='bbox 303 1397 382 1453; x_wconf 89' lang='lat' dir='ltr'><strong>iussu</strong></span> <span class='ocrx_word' id='word_1_71' title='bbox 407 1398 510 1486; x_wconf 75' lang='lat' dir='ltr'><strong>Dpcis,</strong></span> <span class='ocrx_word' id='word_1_72' title='bbox 531 1404 561 1454; x_wconf 86' lang='lat' dir='ltr'><strong>et</strong></span> <span class='ocrx_word' id='word_1_73' title='bbox 586 1399 639 1471; x_wconf 86' lang='lat' dir='ltr'><strong>alii</strong></span> <span class='ocrx_word' id='word_1_74' title='bbox 661 1400 772 1470; x_wconf 89' lang='lat' dir='ltr'><strong>propria</strong></span> <span class='ocrx_word' id='word_1_75' title='bbox 797 1400 926 1473; x_wconf 83' lang='lat' dir='ltr'><strong>ignavia,</strong></span> <span class='ocrx_word' id='word_1_76' title='bbox 939 1405 972 1458; x_wconf 84' lang='lat' dir='ltr'><strong>ut</strong></span> 
     </span>
     <span class='ocr_line' id='line_1_12' title="bbox 98 1493 972 1571; baseline 0.001 -18"><span class='ocrx_word' id='word_1_77' title='bbox 98 1493 300 1553; x_wconf 68' lang='lat' dir='ltr'><strong>Corbulonem</strong></span> <span class='ocrx_word' id='word_1_78' title='bbox 324 1497 517 1568; x_wconf 78' lang='lat' dir='ltr'><strong>opperientes,</strong></span> <span class='ocrx_word' id='word_1_79' title='bbox 539 1513 585 1561; x_wconf 80' lang='lat' dir='ltr'><strong>as,</strong></span> <span class='ocrx_word' id='word_1_80' title='bbox 608 1498 635 1552; x_wconf 91' lang='lat' dir='ltr'><strong>si</strong></span> <span class='ocrx_word' id='word_1_81' title='bbox 658 1498 704 1553; x_wconf 86' lang='lat' dir='ltr'><strong>vis</strong></span> <span class='ocrx_word' id='word_1_82' title='bbox 730 1498 886 1571; x_wconf 78' lang='lat' dir='ltr'><strong>ingrueret,</strong></span> <span class='ocrx_word' id='word_1_83' title='bbox 910 1515 972 1569; x_wconf 88' lang='lat' dir='ltr'><strong>pro·</strong></span> 
     </span>
     <span class='ocr_line' id='line_1_13' title="bbox 99 1594 970 1662; baseline 0.003 -12"><span class='ocrx_word' id='word_1_84' title='bbox 99 1594 173 1651; x_wconf 85' lang='lat' dir='ltr'><strong>visis</strong></span> <span class='ocrx_word' id='word_1_85' title='bbox 202 1595 349 1662; x_wconf 78' lang='lat' dir='ltr'><strong>exemptis</strong></span> <span class='ocrx_word' id='word_1_86' title='bbox 383 1595 535 1652; x_wconf 83' lang='lat' dir='ltr'><strong>Caudinae</strong></span> <span class='ocrx_word' id='word_1_87' title='bbox 570 1612 606 1652; x_wconf 87' lang='lat' dir='ltr'><strong>ac</strong></span> <span class='ocrx_word' id='word_1_88' title='bbox 638 1596 835 1653; x_wconf 76' lang='lat' dir='ltr'><strong>Numantinae</strong></span> <span class='ocrx_word' id='word_1_89' title='bbox 868 1596 970 1653; x_wconf 80' lang='lat' dir='ltr'><strong>cledis.</strong></span> 
     </span>
     <span class='ocr_line' id='line_1_14' title="bbox 99 1692 971 1768; baseline 0.001 -17"><span class='ocrx_word' id='word_1_90' title='bbox 99 1697 217 1768; x_wconf 84' lang='lat' dir='ltr'><strong>‘neque</strong></span> <span class='ocrx_word' id='word_1_91' title='bbox 246 1695 371 1750; x_wconf 88' lang='lat' dir='ltr'><strong>eandem</strong></span> <span class='ocrx_word' id='word_1_92' title='bbox 406 1694 466 1750; x_wconf 83' lang='lat' dir='ltr'><strong>rim</strong></span> <span class='ocrx_word' id='word_1_93' title='bbox 502 1692 690 1760; x_wconf 79' lang='lat' dir='ltr'><strong>Samnitibus,</strong></span> <span class='ocrx_word' id='word_1_94' title='bbox 718 1694 823 1750; x_wconf 85' lang='lat' dir='ltr'><strong>ltutieo</strong></span> <span class='ocrx_word' id='word_1_95' title='bbox 856 1696 971 1767; x_wconf 87' lang='lat' dir='ltr'><strong>popolo,</strong></span> 
     </span>
     <span class='ocr_line' id='line_1_15' title="bbox 100 1792 970 1865; baseline 0.001 -17"><span class='ocrx_word' id='word_1_96' title='bbox 100 1797 169 1849; x_wconf 87' lang='lat' dir='ltr'><strong>‘aut</strong></span> <span class='ocrx_word' id='word_1_97' title='bbox 185 1793 338 1863; x_wconf 84' lang='lat' dir='ltr'><strong>Hispanis,</strong></span> <span class='ocrx_word' id='word_1_98' title='bbox 351 1811 387 1848; x_wconf 91' lang='lat' dir='ltr'><strong>ac</strong></span> <span class='ocrx_word' id='word_1_99' title='bbox 408 1793 533 1857; x_wconf 86' lang='lat' dir='ltr'><strong>Parthis,</strong></span> <span class='ocrx_word' id='word_1_100' title='bbox 558 1793 684 1849; x_wconf 88' lang='lat' dir='ltr'><strong>Romani</strong></span> <span class='ocrx_word' id='word_1_101' title='bbox 709 1792 826 1865; x_wconf 87' lang='lat' dir='ltr'><strong>Imperii</strong></span> <span class='ocrx_word' id='word_1_102' title='bbox 839 1792 970 1850; x_wconf 85' lang='lat' dir='ltr'><strong>aemulis.</strong></span> 
     </span>
     <span class='ocr_line' id='line_1_16' title="bbox 101 1891 972 1965; baseline 0.002 -19"><span class='ocrx_word' id='word_1_103' title='bbox 101 1891 264 1947; x_wconf 88' lang='lat' dir='ltr'><strong>‘Validam</strong></span> <span class='ocrx_word' id='word_1_104' title='bbox 293 1909 405 1965; x_wconf 87' lang='lat' dir='ltr'><strong>quoqne</strong></span> <span class='ocrx_word' id='word_1_105' title='bbox 431 1897 461 1947; x_wconf 87' lang='lat' dir='ltr'><strong>et</strong></span> <span class='ocrx_word' id='word_1_106' title='bbox 485 1893 630 1948; x_wconf 88' lang='lat' dir='ltr'><strong>laudatam</strong></span> <span class='ocrx_word' id='word_1_107' title='bbox 657 1891 869 1965; x_wconf 76' lang='lat' dir='ltr'><strong>antiquitatem,</strong></span> <span class='ocrx_word' id='word_1_108' title='bbox 904 1907 972 1962; x_wconf 82' lang='lat' dir='ltr'><strong>qao·</strong></span> 
     </span>
     <span class='ocr_line' id='line_1_17' title="bbox 103 1985 973 2056; baseline -0.001 -11"><span class='ocrx_word' id='word_1_109' title='bbox 103 1989 197 2047; x_wconf 78' lang='lat' dir='ltr'><strong>‘tiens</strong></span> <span class='ocrx_word' id='word_1_110' title='bbox 233 1991 363 2046; x_wconf 82' lang='lat' dir='ltr'><strong>Fortuna</strong></span> <span class='ocrx_word' id='word_1_111' title='bbox 397 1994 497 2046; x_wconf 88' lang='lat' dir='ltr'><strong>contra</strong></span> <span class='ocrx_word' id='word_1_112' title='bbox 531 1991 622 2056; x_wconf 89' lang='lat' dir='ltr'><strong>daret,</strong></span> <span class='ocrx_word' id='word_1_113' title='bbox 655 1988 742 2046; x_wconf 83' lang='lat' dir='ltr'><strong>saluti</strong></span> <span class='ocrx_word' id='word_1_114' title='bbox 775 1985 973 2045; x_wconf 65' lang='lat' dir='ltr'><strong>consuluisse?</strong></span> 
     </span>
     <span class='ocr_line' id='line_1_18' title="bbox 105 2084 972 2161; baseline -0.003 -16"><span class='ocrx_word' id='word_1_115' title='bbox 105 2089 401 2161; x_wconf 75' lang='lat' dir='ltr'><strong>Quadesperatiune</strong></span> <span class='ocrx_word' id='word_1_116' title='bbox 429 2089 576 2146; x_wconf 85' lang='lat' dir='ltr'><strong>exercitus</strong></span> <span class='ocrx_word' id='word_1_117' title='bbox 606 2089 677 2144; x_wconf 79' lang='lat' dir='ltr'><strong>Dux</strong></span> <span class='ocrx_word' id='word_1_118' title='bbox 701 2089 845 2149; x_wconf 87' lang='lat' dir='ltr'><strong>subactus,</strong></span> <span class='ocrx_word' id='word_1_119' title='bbox 867 2084 972 2157; x_wconf 86' lang='lat' dir='ltr'><strong>primas</strong></span> 
     </span>
     <span class='ocr_line' id='line_1_19' title="bbox 104 2182 973 2259; baseline -0.005 -15"><span class='ocrx_word' id='word_1_120' title='bbox 104 2191 202 2244; x_wconf 64' lang='lat' dir='ltr'><strong>nmen</strong></span> <span class='ocrx_word' id='word_1_121' title='bbox 218 2187 329 2243; x_wconf 80' lang='lat' dir='ltr'><strong>litteras</strong></span> <span class='ocrx_word' id='word_1_122' title='bbox 351 2187 388 2242; x_wconf 88' lang='lat' dir='ltr'><strong>ad</strong></span> <span class='ocrx_word' id='word_1_123' title='bbox 411 2187 589 2259; x_wconf 82' lang='lat' dir='ltr'><strong>Vologesen,</strong></span> <span class='ocrx_word' id='word_1_124' title='bbox 612 2203 671 2241; x_wconf 91' lang='lat' dir='ltr'><strong>non</strong></span> <span class='ocrx_word' id='word_1_125' title='bbox 693 2183 848 2254; x_wconf 86' lang='lat' dir='ltr'><strong>supplices,</strong></span> <span class='ocrx_word' id='word_1_126' title='bbox 875 2183 927 2238; x_wconf 90' lang='lat' dir='ltr'><strong>sed</strong></span> <span class='ocrx_word' id='word_1_127' title='bbox 940 2182 973 2240; x_wconf 81' lang='lat' dir='ltr'><strong>irs</strong></span> 
     </span>
     <span class='ocr_line' id='line_1_20' title="bbox 102 2280 973 2358; baseline -0.008 -15"><span class='ocrx_word' id='word_1_128' title='bbox 102 2288 219 2343; x_wconf 86' lang='lat' dir='ltr'><strong>modum</strong></span> <span class='ocrx_word' id='word_1_129' title='bbox 247 2285 404 2358; x_wconf 81' lang='lat' dir='ltr'><strong>querentis,</strong></span> <span class='ocrx_word' id='word_1_130' title='bbox 432 2285 605 2357; x_wconf 70' lang='lat' dir='ltr'><strong>composuit,</strong></span> <span class='ocrx_word' id='word_1_131' title='bbox 626 2283 718 2356; x_wconf 89' lang='lat' dir='ltr'><strong>‘qnod</strong></span> <span class='ocrx_word' id='word_1_132' title='bbox 747 2299 799 2353; x_wconf 86' lang='lat' dir='ltr'><strong>pro</strong></span> <span class='ocrx_word' id='word_1_133' title='bbox 816 2280 973 2348; x_wconf 83' lang='lat' dir='ltr'><strong>Armeniis,</strong></span> 
     </span>
     <span class='ocr_line' id='line_1_21' title="bbox 105 2380 973 2456; baseline -0.008 -15"><span class='ocrx_word' id='word_1_134' title='bbox 105 2389 238 2456; x_wconf 82' lang='lat' dir='ltr'><strong>‘semper</strong></span> <span class='ocrx_word' id='word_1_135' title='bbox 251 2383 401 2439; x_wconf 80' lang='lat' dir='ltr'><strong>Romanae</strong></span> <span class='ocrx_word' id='word_1_136' title='bbox 415 2383 544 2449; x_wconf 84' lang='lat' dir='ltr'><strong>ditionis,</strong></span> <span class='ocrx_word' id='word_1_137' title='bbox 564 2389 614 2439; x_wconf 90' lang='lat' dir='ltr'><strong>aut</strong></span> <span class='ocrx_word' id='word_1_138' title='bbox 627 2380 767 2438; x_wconf 88' lang='lat' dir='ltr'><strong>subiectis</strong></span> <span class='ocrx_word' id='word_1_139' title='bbox 789 2380 874 2452; x_wconf 81' lang='lat' dir='ltr'><strong>Regi,</strong></span> <span class='ocrx_word' id='word_1_140' title='bbox 888 2393 973 2453; x_wconf 85' lang='lat' dir='ltr'><strong>quem</strong></span> 
     </span>
     <span class='ocr_line' id='line_1_22' title="bbox 105 2481 973 2554; baseline -0.005 -15"><span class='ocrx_word' id='word_1_141' title='bbox 105 2482 287 2553; x_wconf 84' lang='lat' dir='ltr'><strong>‘Imperator</strong></span> <span class='ocrx_word' id='word_1_142' title='bbox 312 2482 478 2554; x_wconf 78' lang='lat' dir='ltr'><strong>delegisset,</strong></span> <span class='ocrx_word' id='word_1_143' title='bbox 506 2481 622 2538; x_wconf 87' lang='lat' dir='ltr'><strong>hostilia</strong></span> <span class='ocrx_word' id='word_1_144' title='bbox 650 2481 776 2537; x_wconf 84' lang='lat' dir='ltr'><strong>laceret:</strong></span> <span class='ocrx_word' id='word_1_145' title='bbox 798 2495 900 2552; x_wconf 83' lang='lat' dir='ltr'><strong>paoem</strong></span> <span class='ocrx_word' id='word_1_146' title='bbox 934 2493 973 2535; x_wconf 78' lang='lat' dir='ltr'><strong>ex</strong></span> 
     </span>
     <span class='ocr_line' id='line_1_23' title="bbox 107 2577 973 2654; baseline -0.003 -17"><span class='ocrx_word' id='word_1_147' title='bbox 107 2583 218 2654; x_wconf 81' lang='lat' dir='ltr'><strong>‘aequo</strong></span> <span class='ocrx_word' id='word_1_148' title='bbox 243 2579 352 2636; x_wconf 87' lang='lat' dir='ltr'><strong>utilem.</strong></span> <span class='ocrx_word' id='word_1_149' title='bbox 376 2598 430 2637; x_wconf 85' lang='lat' dir='ltr'><strong>sec</strong></span> <span class='ocrx_word' id='word_1_150' title='bbox 446 2579 609 2652; x_wconf 86' lang='lat' dir='ltr'><strong>praesentia</strong></span> <span class='ocrx_word' id='word_1_151' title='bbox 625 2584 736 2635; x_wconf 89' lang='lat' dir='ltr'><strong>tantum</strong></span> <span class='ocrx_word' id='word_1_152' title='bbox 749 2583 910 2650; x_wconf 83' lang='lat' dir='ltr'><strong>spectaret:</strong></span> <span class='ocrx_word' id='word_1_153' title='bbox 931 2577 973 2650; x_wconf 91' lang='lat' dir='ltr'><strong>ip·</strong></span> 
     </span>
     <span class='ocr_line' id='line_1_24' title="bbox 106 2677 972 2751; baseline -0.003 -15"><span class='ocrx_word' id='word_1_154' title='bbox 106 2685 187 2736; x_wconf 89' lang='lat' dir='ltr'><strong>‘sum</strong></span> <span class='ocrx_word' id='word_1_155' title='bbox 211 2680 351 2735; x_wconf 86' lang='lat' dir='ltr'><strong>adversus</strong></span> <span class='ocrx_word' id='word_1_156' title='bbox 383 2679 454 2734; x_wconf 88' lang='lat' dir='ltr'><strong>duas</strong></span> <span class='ocrx_word' id='word_1_157' title='bbox 479 2678 618 2751; x_wconf 79' lang='lat' dir='ltr'><strong>legiones,</strong></span> <span class='ocrx_word' id='word_1_158' title='bbox 643 2677 710 2734; x_wconf 89' lang='lat' dir='ltr'><strong>totis</strong></span> <span class='ocrx_word' id='word_1_159' title='bbox 740 2677 835 2750; x_wconf 82' lang='lat' dir='ltr'><strong>Regni</strong></span> <span class='ocrx_word' id='word_1_160' title='bbox 863 2677 972 2733; x_wconf 89' lang='lat' dir='ltr'><strong>viribus</strong></span> 
     </span>
     <span class='ocr_line' id='line_1_25' title="bbox 106 2776 973 2851; baseline -0.001 -16"><span class='ocrx_word' id='word_1_161' title='bbox 106 2778 300 2835; x_wconf 74' lang='lat' dir='ltr'><strong>‘advenisset</strong></span> <span class='ocrx_word' id='word_1_162' title='bbox 321 2783 351 2833; x_wconf 85' lang='lat' dir='ltr'><strong>at</strong></span> <span class='ocrx_word' id='word_1_163' title='bbox 376 2776 516 2833; x_wconf 85' lang='lat' dir='ltr'><strong>Romanis</strong></span> <span class='ocrx_word' id='word_1_164' title='bbox 543 2777 643 2834; x_wconf 87' lang='lat' dir='ltr'><strong>orbem</strong></span> <span class='ocrx_word' id='word_1_165' title='bbox 665 2781 801 2833; x_wconf 87' lang='lat' dir='ltr'><strong>terrarum</strong></span> <span class='ocrx_word' id='word_1_166' title='bbox 824 2776 973 2851; x_wconf 66' lang='lat' dir='ltr'><strong>reliquum</strong></span> 
     </span>
     <span class='ocr_line' id='line_1_26' title="bbox 108 2875 1026 2951; baseline -0.001 -18"><span class='ocrx_word' id='word_1_167' title='bbox 108 2881 181 2951; x_wconf 88' lang='lat' dir='ltr'><strong>‘qno</strong></span> <span class='ocrx_word' id='word_1_168' title='bbox 201 2879 311 2934; x_wconf 86' lang='lat' dir='ltr'><strong>bellurn</strong></span> <span class='ocrx_word' id='word_1_169' title='bbox 324 2875 479 2932; x_wconf 65' lang='lat' dir='ltr'><strong>iuvarent!</strong></span> <span class='ocrx_word' id='word_1_170' title='bbox 526 2876 570 2932; x_wconf 74' lang='lat' dir='ltr'><strong>Ad</strong></span> <span class='ocrx_word' id='word_1_171' title='bbox 592 2893 627 2932; x_wconf 89' lang='lat' dir='ltr'><strong>ea</strong></span> <span class='ocrx_word' id='word_1_172' title='bbox 650 2876 820 2949; x_wconf 81' lang='lat' dir='ltr'><strong>Vologeses,</strong></span> <span class='ocrx_word' id='word_1_173' title='bbox 835 2876 907 2933; x_wconf 90' lang='lat' dir='ltr'><strong>nibil</strong></span> <span class='ocrx_word' id='word_1_174' title='bbox 923 2893 973 2947; x_wconf 91' lang='lat' dir='ltr'><strong>pro</strong></span> <span class='ocrx_word' id='word_1_175' title='bbox 986 2886 1026 2944; x_wconf 78' lang='lat'><strong>14</strong></span> 
     </span>
     <span class='ocr_line' id='line_1_27' title="bbox 108 2973 974 3046; baseline -0.003 -14"><span class='ocrx_word' id='word_1_176' title='bbox 108 2991 217 3040; x_wconf 82' lang='lat' dir='ltr'><strong>neusse,</strong></span> <span class='ocrx_word' id='word_1_177' title='bbox 231 2977 283 3031; x_wconf 88' lang='lat' dir='ltr'><strong>sed</strong></span> <span class='ocrx_word' id='word_1_178' title='bbox 298 2975 509 3046; x_wconf 83' lang='lat' dir='ltr'><strong>‘opperiendos</strong></span> <span class='ocrx_word' id='word_1_179' title='bbox 523 2974 578 3040; x_wconf 82' lang='lat' dir='ltr'><strong>sibi</strong></span> <span class='ocrx_word' id='word_1_180' title='bbox 591 2975 703 3043; x_wconf 81' lang='lat' dir='ltr'><strong>tratres,</strong></span> <span class='ocrx_word' id='word_1_181' title='bbox 713 2976 855 3033; x_wconf 85' lang='lat' dir='ltr'><strong>Pacorum</strong></span> <span class='ocrx_word' id='word_1_182' title='bbox 869 2992 905 3029; x_wconf 90' lang='lat' dir='ltr'><strong>ac</strong></span> <span class='ocrx_word' id='word_1_183' title='bbox 921 2973 974 3029; x_wconf 78' lang='grc' dir='ltr'><strong>Τί·</strong></span> 
     </span>
     <span class='ocr_line' id='line_1_28' title="bbox 111 3070 975 3147; baseline -0.006 -16"><span class='ocrx_word' id='word_1_184' title='bbox 111 3073 256 3139; x_wconf 69' lang='lat' dir='ltr'><strong>*sidatem’</strong></span> <span class='ocrx_word' id='word_1_185' title='bbox 268 3073 427 3144; x_wconf 75' lang='lat' dir='ltr'><strong>rescripsit:</strong></span> <span class='ocrx_word' id='word_1_186' title='bbox 443 3076 538 3130; x_wconf 89' lang='lat' dir='ltr'><strong>locum</strong></span> <span class='ocrx_word' id='word_1_187' title='bbox 546 3073 604 3130; x_wconf 87' lang='lat' dir='ltr'><strong>illis</strong></span> <span class='ocrx_word' id='word_1_188' title='bbox 614 3082 782 3147; x_wconf 84' lang='lat' dir='ltr'><strong>tempusque</strong></span> <span class='ocrx_word' id='word_1_189' title='bbox 791 3071 917 3128; x_wconf 87' lang='lat' dir='ltr'><strong>consilio</strong></span> <span class='ocrx_word' id='word_1_190' title='bbox 926 3070 975 3126; x_wconf 88' lang='lat' dir='ltr'><strong>de·</strong></span> 
     </span>
     <span class='ocr_line' id='line_1_29' title="bbox 111 3167 974 3246; baseline -0.008 -16"><span class='ocrx_word' id='word_1_191' title='bbox 111 3175 274 3238; x_wconf 74' lang='lat' dir='ltr'><strong>‘stinctum</strong></span> <span class='ocrx_word' id='word_1_192' title='bbox 282 3191 340 3246; x_wconf 93' lang='lat' dir='ltr'><strong>quo</strong></span> <span class='ocrx_word' id='word_1_193' title='bbox 348 3174 386 3229; x_wconf 85' lang='lat' dir='ltr'><strong>de</strong></span> <span class='ocrx_word' id='word_1_194' title='bbox 400 3172 538 3231; x_wconf 84' lang='lat' dir='ltr'><strong>Armenia</strong></span> <span class='ocrx_word' id='word_1_195' title='bbox 548 3181 713 3229; x_wconf 71' lang='lat' dir='ltr'><strong>cernerenta</strong></span> <span class='ocrx_word' id='word_1_196' title='bbox 725 3169 884 3240; x_wconf 80' lang='lat' dir='ltr'><strong>(adiecisse</strong></span> <span class='ocrx_word' id='word_1_197' title='bbox 895 3167 974 3223; x_wconf 87' lang='lat' dir='ltr'><strong>Deos</strong></span> 
     </span>
     <span class='ocr_line' id='line_1_30' title="bbox 110 3264 974 3346; baseline -0.008 -18"><span class='ocrx_word' id='word_1_198' title='bbox 110 3272 241 3346; x_wconf 77' lang='lat' dir='ltr'><strong>‘dignum</strong></span> <span class='ocrx_word' id='word_1_199' title='bbox 252 3267 572 3346; x_wconf 83' lang='lat' dir='ltr'><strong>Arsacidarum,)simul</strong></span> <span class='ocrx_word' id='word_1_200' title='bbox 584 3276 613 3326; x_wconf 88' lang='lat' dir='ltr'><strong>et</strong></span> <span class='ocrx_word' id='word_1_201' title='bbox 622 3268 828 3342; x_wconf 76' lang='lat' dir='ltr'><strong>delegionibus</strong></span> <span class='ocrx_word' id='word_1_202' title='bbox 836 3264 974 3321; x_wconf 83' lang='lat' dir='ltr'><strong>Romanis</strong></span> 
     </span>
     <span class='ocr_line' id='line_1_31' title="bbox 111 3362 973 3441; baseline -0.012 -13"><span class='ocrx_word' id='word_1_203' title='bbox 111 3367 301 3428; x_wconf 79' lang='lat' dir='ltr'><strong>‘statuerent&#39;</strong></span> <span class='ocrx_word' id='word_1_204' title='bbox 318 3366 400 3425; x_wconf 83' lang='lat' dir='ltr'><strong>Missi</strong></span> <span class='ocrx_word' id='word_1_205' title='bbox 415 3376 477 3441; x_wconf 85' lang='lat' dir='ltr'><strong>post</strong></span> <span class='ocrx_word' id='word_1_206' title='bbox 486 3387 504 3424; x_wconf 88' lang='lat' dir='ltr'><strong>a</strong></span> <span class='ocrx_word' id='word_1_207' title='bbox 516 3366 718 3428; x_wconf 87' lang='lat' dir='ltr'><strong>Paetonuntii,</strong></span> <span class='ocrx_word' id='word_1_208' title='bbox 726 3371 756 3420; x_wconf 92' lang='lat' dir='ltr'><strong>et</strong></span> <span class='ocrx_word' id='word_1_209' title='bbox 768 3373 775 3394; x_wconf 90' lang='lat'>‘</span> <span class='ocrx_word' id='word_1_210' title='bbox 788 3362 877 3434; x_wconf 79' lang='lat' dir='ltr'><strong>Regis</strong></span> <span class='ocrx_word' id='word_1_211' title='bbox 886 3363 973 3418; x_wconf 87' lang='lat' dir='ltr'><strong>collo-</strong></span> 
     </span>
     <span class='ocr_line' id='line_1_32' title="bbox 111 3459 974 3544; baseline -0.013 -16"><span class='ocrx_word' id='word_1_212' title='bbox 111 3468 231 3544; x_wconf 83' lang='lat' dir='ltr'><strong>‘quium&#39;</strong></span> <span class='ocrx_word' id='word_1_213' title='bbox 242 3469 377 3540; x_wconf 89' lang='lat' dir='ltr'><strong>petitum,</strong></span> <span class='ocrx_word' id='word_1_214' title='bbox 391 3467 457 3540; x_wconf 85' lang='lat' dir='ltr'><strong>qui‘</strong></span> <span class='ocrx_word' id='word_1_215' title='bbox 471 3467 618 3530; x_wconf 86' lang='lat' dir='ltr'><strong>Vasacen,</strong></span> <span class='ocrx_word' id='word_1_216' title='bbox 628 3462 811 3520; x_wconf 78' lang='lat' dir='ltr'><strong>Praefectum</strong></span> <span class='ocrx_word' id='word_1_217' title='bbox 821 3459 974 3534; x_wconf 83' lang='lat' dir='ltr'><strong>equitatus,</strong></span> 
     </span>
     <span class='ocr_line' id='line_1_33' title="bbox 110 3559 974 3628; baseline -0.01 -2"><span class='ocrx_word' id='word_1_218' title='bbox 110 3568 175 3626; x_wconf 88' lang='lat' dir='ltr'><strong>‘ire’</strong></span> <span class='ocrx_word' id='word_1_219' title='bbox 189 3566 284 3626; x_wconf 84' lang='lat' dir='ltr'><strong>iussit.</strong></span> <span class='ocrx_word' id='word_1_220' title='bbox 327 3566 408 3623; x_wconf 75' lang='lat' dir='ltr'><strong>&#39;lum</strong></span> <span class='ocrx_word' id='word_1_221' title='bbox 424 3565 537 3628; x_wconf 81' lang='lat' dir='ltr'><strong>Paetus,</strong></span> <span class='ocrx_word' id='word_1_222' title='bbox 551 3572 559 3597; x_wconf 91' lang='lat'>‘</span> <span class='ocrx_word' id='word_1_223' title='bbox 572 3565 718 3625; x_wconf 69' lang='lat' dir='ltr'><strong>lrucultns,</strong></span> <span class='ocrx_word' id='word_1_224' title='bbox 735 3559 900 3626; x_wconf 76' lang='lat' dir='ltr'><strong>Pompeios,</strong></span> <span class='ocrx_word' id='word_1_225' title='bbox 911 3560 974 3617; x_wconf 87' lang='lat' dir='ltr'><strong>etsi</strong></span> 
     </span>
     <span class='ocr_line' id='line_1_34' title="bbox 108 3663 975 3747; baseline -0.017 -18"><span class='ocrx_word' id='word_1_226' title='bbox 108 3675 179 3747; x_wconf 82' lang='lat' dir='ltr'><strong>‘qua</strong></span> <span class='ocrx_word' id='word_1_227' title='bbox 189 3670 338 3731; x_wconf 77' lang='lat' dir='ltr'><strong>caesares</strong></span> <span class='ocrx_word' id='word_1_228' title='bbox 348 3665 523 3725; x_wconf 88' lang='lat' dir='ltr'><strong>obtinendae</strong></span> <span class='ocrx_word' id='word_1_229' title='bbox 533 3666 725 3723; x_wconf 85' lang='lat' dir='ltr'><strong>donandaeve</strong></span> <span class='ocrx_word' id='word_1_230' title='bbox 739 3663 899 3724; x_wconf 75' lang='lat' dir='ltr'><strong>Armeniae</strong></span> <span class='ocrx_word' id='word_1_231' title='bbox 909 3675 975 3730; x_wconf 66' lang='lat' dir='ltr'><strong>ege⁴</strong></span> 
     </span>
    </p>
   </div>
   <div class='ocr_carea' id='block_1_3' title="bbox 0 0 1263 4292">
    <p class='ocr_par' dir='ltr' id='par_1_3' title="bbox 0 0 1263 4292">
     <span class='ocr_line' id='line_1_35' title="bbox 0 0 1263 4292; baseline 0 0"><span class='ocrx_word' id='word_1_232' title='bbox 0 0 1263 4292; x_wconf 95' lang='lat' dir='ltr'><strong> </strong></span> 
     </span>
    </p>
   </div>
  </div>
 </body>
</html>
