2509 4292
324 341 396 410 258
583 421 585 424 ,
614 363 867 412 nrsnoaraavu
1047 367 1077 415 a.
1093 366 1121 415 v.
1134 369 1179 415 aa.

321 517 434 574 lentum
455 521 485 574 et
505 534 598 576 rarum
624 535 738 591 agmen,
764 518 842 576 fluxa
869 534 958 585 arma,
972 537 1073 592 segnes
1097 518 1177 591 equi:

321 615 469 688 inpatiens
495 617 575 682 solis,
607 616 743 687 pulveris,
779 622 1005 689 tempestatum:
1040 623 1178 692 quantum·

322 731 377 788 qua
395 716 483 772 hebes
506 717 542 773 ad
563 717 762 774 sustinendum
787 718 914 773 laborem
939 718 1035 783 miles,
1059 714 1178 773 tantoad

321 812 480 869 discordias
495 816 658 886 promptior.
703 816 873 873 Accedebat
888 817 944 871 truc
967 816 1118 872 Caecinae
1131 831 1179 869 am·

323 911 395 969 bltio
431 918 524 979 vetus,
553 918 649 985 torpor
683 931 796 982 recens,
824 914 912 970 nimia
940 914 1075 970 fortunae
1100 912 1178 969 indul·
1214 887 1215 974 Ῐ

321 1011 419 1083 gentis
432 1010 518 1067 soluti
538 1011 568 1067 in
584 1013 703 1070 laxum:
724 1030 774 1069 seu
790 1011 939 1085 perfidiam
954 1013 1132 1075 meditantis,
1143 1010 1177 1064 in·

320 1110 444 1180 [ringere
462 1110 609 1166 exercitur
632 1109 779 1171 virtutem.
807 1112 883 1167 inter
906 1118 984 1166 artes
1010 1119 1083 1166 erat.
1121 1109 1178 1165 cra

246 1231 249 1238 ·
321 1209 419 1264 didere
444 1209 582 1281 plerique,
608 1209 709 1266 Flavii
734 1210 835 1266 Sabini
859 1209 993 1265 consiliis
1018 1221 1177 1264 concussam
1214 1237 1215 1278 p

310 1305 470 1363 'Caecinae
492 1316 629 1373 mentem,
644 1308 777 1363 ministro
798 1324 961 1363 sermonum
986 1307 1098 1363 Rubrio
1119 1305 1177 1361 Gal·
1214 1281 1215 1298 Χ

311 1406 359 1470 lo,
385 1411 451 1461 rata
478 1405 557 1481 apud
579 1404 784 1480 Vespasianum
793 1405 862 1483 fare
888 1412 973 1481 pacta
1005 1401 1176 1462 annariae.

321 1502 406 1560 simul
435 1489 565 1561 odiorum
580 1505 768 1578 invidiaeque
798 1504 1009 1576 ergaFabium
1034 1507 1175 1560 Valentem

312 1603 538 1666 ‘admonebalun
564 1609 595 1658 at
617 1606 704 1678 inpar
725 1601 801 1678 apud
824 1601 853 1657 V
852 1600 978 1666 itelliam,
1005 1601 1130 1677 gratiam
1147 1597 1176 1655 ri·
1214 1659 1215 1662 ,

250 1699 311 1759 100
321 1715 419 1773 reaqar
448 1699 526 1775 amad
551 1719 651 1756 novam
684 1697 843 1776 Principem
875 1687 1006 1776 pararet}
1059 1700 1174 1758 Caecina
1214 1679 1215 1756 i

320 1798 606 1870 cumpleau‘Vitellii
623 1802 714 1856 multo
734 1818 799 1856 cum
821 1802 929 1856 honore
948 1800 1103 1873 digressus,
1126 1814 1177 1869 par·

320 1896 519 1970 temeqnitum
539 1899 574 1953 ad
599 1898 799 1970 occupandam
828 1900 1007 1956 Cremonam
1033 1896 1174 1972 praemisit.

212 2031 218 2044 ·
319 2011 387 2054 mox
413 1995 524 2052 vexilla
544 2004 671 2069 quartae,
690 1997 822 2053 decimae
846 2004 876 2053 et
895 1998 1130 2054 sextaedecimae
1142 1996 1176 2049 le·

319 2093 455 2168 ginnum3
475 2094 544 2151 dein
558 2096 659 2168 quinta
673 2100 704 2151 ct
716 2096 946 2152 duoetvioesima
961 2105 1098 2153 secutae:
1120 2109 1173 2164 porr

319 2197 412 2249 trema
431 2189 551 2264 agmine
568 2194 915 2265 unaetvicesima-Rapna
931 2201 960 2249 el
975 2196 1067 2266 prima
1082 2190 1175 2248 ltalica

318 2289 475 2356 incessere,
488 2309 554 2348 cum
574 2293 736 2349 vexillariis
751 2293 835 2349 trium
851 2293 1083 2349 Britannicarum
1098 2288 1175 2361 legio·
1214 2313 1215 2362 3

318 2404 388 2445 num
407 2394 437 2445 st
461 2390 564 2446 electis
585 2390 713 2446 auxiliis.
755 2391 890 2448 Proiecto
910 2391 1050 2456 Caecina,
1070 2384 1172 2458 scripsit

308 2486 428 2543 Fabius
443 2488 556 2544 Valens
580 2488 733 2554 exercitui,
753 2507 838 2561 quem
860 2491 929 2561 ipsc‘
945 2491 1119 2548 ductavemt,
1145 2484 1172 2536 ed

316 2580 348 2638 in
361 2582 457 2639 itinere
483 2584 653 2661 opperiretur
661 2606 674 2649 ‚·
691 2585 718 2641 si
731 2585 787 2642 sibi
800 2603 861 2642 rura
872 2585 993 2643 caecian
1008 2582 1172 2644 convenisse.-

315 2681 364 2753 qui
399 2699 544 2752 praesens,
568 2702 660 2757 eoque
695 2685 827 2751 validior,
855 2684 1021 2742 taratantara
1040 2683 1072 2739 id
1093 2674 1171 2737 cond

315 2777 386 2840 liam
406 2778 499 2847 linxit,
522 2788 553 2838 at
571 2779 716 2856 lagana·
729 2781 799 2839 bello
817 2790 876 2840 tata
898 2782 969 2840 rarle
983 2782 1170 2840 aroana-arr.

315 2876 362 2933 ltu
379 2876 532 2935 ncakrare
547 2879 676 2953 legionen
698 2880 875 2948 Cremonam,
888 2900 953 2955 pars
967 2876 1115 2938 Horrilina
1130 2887 1170 2947 pe·

314 2982 371 3034 rere
384 2978 496 3034 iussae:
517 2978 579 3049 ipse
595 2978 771 3036 Ravennam
783 2981 921 3047 devertit,
942 2985 1093 3053 praetextu
1106 2975 1170 3029 clar

250 3122 253 3128 .
315 3094 376 3133 rem
390 3077 572 3150 adloquendi.
593 3094 661 3133 rnna
678 3077 793 3135 Patavii
809 3085 951 3135 secretum
962 3072 1169 3150 componendae

315 3176 484 3249 proditionis
495 3176 666 3249 quaesitum.
688 3178 822 3250 Namque
836 3178 969 3234 Lucilius
985 3179 1099 3239 Bassus,
1111 3170 1168 3243 peel

313 3275 522 3347 praelecturum
549 3276 623 3341 alae,
644 3274 811 3332 Ravennati
843 3276 927 3332 simul
952 3293 989 3333 ac
1017 3264 1166 3331 Misenensi

313 3374 453 3430 classibus
479 3391 496 3430 a
526 3374 650 3431 Vitellio
678 3376 864 3448 praepositus,
896 3378 972 3449 quod
1002 3375 1058 3433 non
1077 3369 1164 3429 statim

313 3471 526 3528 Praefecturanr
555 3474 696 3530 Praetorii
722 3475 844 3547 adeptus
865 3476 946 3541 leret,
971 3475 1095 3549 iniquam
1118 3466 1164 3523 irs·

311 3570 447 3627 cundiam
460 3570 603 3646 flagitiosa
623 3573 743 3647 perfidia
767 3573 969 3631 ulciscellntur.
984 3567 1111 3632 necucirl
1120 3576 1162 3637 pe
