2509 4292
121 387 153 433 a.
169 384 198 432 c.
214 388 252 434 ro.
359 383 429 431 als.
457 383 493 431 ιι.
546 382 624 431 cas.
652 360 821 431 tta-aa.
922 365 992 432 251

107 555 111 562 '
163 540 246 600 Dum
269 540 342 595 baec
364 557 415 608 ner
436 538 604 611 provincias
624 538 841 611 aVespasiano
855 540 998 597 Ducibus·
1008 537 1048 597 87

123 656 182 713 que
205 638 328 708 partium
348 631 493 710 geruntur,
516 637 656 694 Vitellius
676 639 873 710 contemptior
884 639 915 693 in
934 639 998 695 dies

124 736 308 810 segninrque,
342 738 378 792 ad
411 737 507 794 omnis
540 737 764 808 municipiorum
807 737 998 810 villarumque

127 836 319 892 amoenitates
333 833 494 898 'resisteun
508 835 591 908 gravi
612 836 711 892 urbem
731 835 848 907 agmine
870 838 998 906 petebat.

129 934 294 1005 Sexaginta
321 934 414 990 millia
444 942 626 992 armatorum.
647 936 850 1007 sequebantur,
876 933 999 990 licentia

125 1034 286 1103 coniupta:
320 1035 458 1089 catonum
485 1050 620 1092 numerus
655 1033 792 1104 amplior:
830 1032 999 1104 procacissi-

111 1130 182 1187 mis
196 1131 285 1186 etiam
299 1131 377 1186 inter
397 1148 499 1186 servos
523 1130 651 1188 lixarum
673 1131 814 1206 ingentis:
836 1138 880 1187 tot
905 1132 999 1204 Lega-

124 1236 220 1287 lorum
248 1230 463 1303 amicorumque
487 1229 653 1295 comitatus,
679 1228 817 1286 inhabilis
837 1230 874 1286 ad
896 1246 997 1301 paren·

109 1329 205 1390 dum,
228 1330 317 1384 etiam
341 1329 365 1384 si
391 1346 502 1385 summa
528 1329 671 1384 modestia
691 1335 846 1402 regeretur.
888 1329 999 1385 Oneen·

126 1427 198 1483 bant
219 1427 435 1484 multitudinem
459 1427 540 1483 obvii
555 1445 592 1483 ex
609 1430 679 1483 urbe
695 1428 853 1484 Senatores
866 1428 999 1500 Equites·

126 1546 202 1601 que:
238 1526 354 1602 quidam
383 1532 470 1590 melu,
498 1527 581 1583 multi
603 1543 655 1597 per
674 1526 879 1591 adulationem,
906 1526 999 1583 ceteri

126 1643 163 1683 ac
192 1624 344 1697 parrtlatim
368 1642 478 1690 omnes,
503 1643 549 1690 ne,
577 1624 643 1680 aliis
664 1624 922 1696 proficiscentibus,
942 1623 999 1697 insi

126 1728 322 1782 remanerent.
368 1723 610 1797 adgregabantur
637 1742 654 1778 e
682 1725 777 1795 plebe,
792 1723 933 1797 flagitiosa
948 1741 1000 1796 per

125 1823 266 1896 obsequia
302 1823 429 1880 Vitellio
459 1823 581 1895 cogniti,
608 1840 733 1911 sciturae,
759 1822 924 1892 llistrionea,
951 1841 999 1879 au·

124 1922 216 1996 rigae,
230 1922 333 1995 quihus
354 1923 405 1978 ille
425 1922 618 1978 amicitiarum
644 1923 912 1978 dehonestamentis
927 1922 999 1977 mire

19 2029 20 2054 ³
125 2023 282 2094 gaudebat.
325 2022 391 2077 Nec
412 2020 546 2077 coloniae
562 2022 658 2085 modo,
669 2028 720 2094 xant
737 2019 907 2090 municipia,
930 2036 999 2075 con·

19 2127 20 2162 l
124 2125 209 2192 gestu
236 2119 394 2189 copiarum,
419 2120 469 2174 sed
495 2118 552 2188 ipsi
567 2120 704 2181 cultores,
728 2133 865 2189 arvaque,
880 2117 999 2173 maturis

19 2249 20 2270 1
125 2212 185 2273 iam
206 2211 344 2289 lmgibus,
367 2222 397 2273 ut
412 2217 518 2273 hostile
531 2217 625 2270 solum
647 2214 844 2269 instabaatur.
887 2213 999 2270 Multae
1011 2219 1051 2276 88

127 2322 158 2371 et
173 2321 289 2370 atroces
302 2312 384 2371 inter'
399 2332 430 2370 se
455 2314 580 2370 militum
604 2311 721 2377 caedes,
743 2318 809 2384 post
826 2312 1000 2369 seditionem

127 2411 234 2469 Ticini
262 2418 397 2485 coeptam
423 2420 561 2468 manente
594 2410 740 2483 legionum
769 2409 1000 2483 auxiliorumque

19 2535 20 2544 ¹
108 2510 295 2581 *discordia3
326 2511 376 2567 ubi
403 2511 543 2566 adversus
567 2525 696 2583 paganos
721 2511 891 2566 certandum
918 2510 1000 2576 t'oret,

19 2603 20 2648 ἶ
126 2626 284 2665 consensu.
327 2609 387 2665 Sed
402 2610 525 2682 piurima
538 2614 649 2682 strages
664 2610 702 2665 ad
714 2608 869 2680 septimum
883 2608 1000 2666 aburbe

19 2771 20 2780 χ
125 2707 268 2779 lapidem.
293 2704 415 2781 singulis
438 2707 480 2783 ibi
504 2707 644 2763 militibus
667 2707 808 2764 Vitellius
833 2707 1001 2782 paratosci·

19 2789 20 2798 ἵ
87 2796 89 2800 ’
127 2807 192 2869 bos,
219 2812 250 2861 ut
269 2805 471 2879 gladiatoriam
495 2806 636 2879 saginam,
656 2807 824 2863 dividebat:
857 2813 887 2863 et
910 2805 1001 2863 effusa

126 2905 231 2978 [debes
257 2895 327 2961 totis
351 2921 383 2961 se
403 2904 507 2961 castris
531 2904 696 2962 miscuerat.
737 2906 904 2963 Incuriosos
927 2904 1001 2962 miti·

108 3018 112 3024 ’
126 3007 182 3069 tes,
198 3004 359 3061 vernacula
372 3009 404 3059 ut
418 3003 556 3059 rebantur
569 2996 743 3068 urbanitate,
762 3004 880 3074 quidam
894 3004 999 3074 spotia-

129 3119 212 3168 vere,
229 3113 232 3120 ’
248 3100 370 3158 abscisis
393 3101 489 3158 turtim
511 3103 626 3169 balteis,
648 3117 687 3156 un
708 3099 825 3156 ominati
837 3099 946 3177 sorsat,
959 3118 1001 3157 ro·

126 3201 266 3275 gitautes.
309 3200 379 3256 Non
409 3200 477 3256 tulit
501 3200 657 3257 ludibrium
692 3198 821 3255 insolens
853 3203 1002 3255 contume-

127 3295 186 3355 liae
216 3297 348 3355 animus:
389 3298 530 3355 inermem
559 3299 696 3371 poputum
723 3283 829 3369 gladiis
855 3295 1001 3353 invasere.

126 3414 231 3454 caesus
252 3396 332 3453 inter
357 3397 431 3453 alios
455 3404 538 3470 pater
565 3396 679 3463 militis,
704 3412 771 3460 cum
796 3394 886 3453 ilium
912 3396 1001 3454 comi·

126 3500 255 3565 taretur;
289 3493 397 3552 deinde
424 3496 562 3569 agnitus:
592 3500 631 3563 et,
657 3497 777 3568 vulgata
803 3494 904 3563 caede,
930 3497 999 3554 teus·

97 3652 102 3657 ,
127 3601 259 3667 peratum
275 3584 325 3652 ¹ab
349 3595 489 3653 innoxiis.
532 3595 568 3653 ln
595 3596 665 3651 urhe
690 3600 788 3651 tamen
817 3591 1001 3668 trepidatum,
