2509 4292
91 355 120 400 s.
135 348 164 398 u.
180 352 227 397 ιι·
349 347 419 395 nra.
446 346 493 396 rr.
540 343 621 396 cns.
648 325 707 395 80.
725 324 783 394 82.
885 326 959 397 391-

89 503 217 565 sndrioa
241 500 368 576 quidam,
386 505 536 561 oculorum
563 503 630 560 tabe
654 508 756 569 notus,
773 517 871 576 genua
894 501 959 560 sius

92 602 269 684 advolvitur,
289 599 439 658 ronedum
465 599 606 659 malaue
638 618 804 674 exposcens
830 600 958 674 gemitu3

92 700 206 761 monitu
222 702 370 773 Serapidis
387 702 454 767 Dei,
473 720 559 776 quem
582 703 682 761 dedita
708 700 960 775 superstitionibus

92 817 167 874 gens
181 805 250 856 ante
270 800 343 856 alios
356 800 449 858 colit:
471 803 697 875 precabaturque
710 801 889 874 Principem,
909 807 961 859 ‘ut

93 905 102 931 ‘
115 900 209 975 'genas
224 903 254 954 et
266 900 414 956 oculorum
427 902 512 956 orbes
525 899 693 973 dignaretur
710 917 879 972 respergere
901 900 960 957 oris

87 1002 97 1030 ⁸
113 994 324 1054 excremento!
348 998 434 1054 Alius
449 1013 566 1057 manum
579 1017 676 1073 aeger,
689 999 796 1055 eodem
810 1000 878 1057 Deo
895 1015 961 1056 auc·

94 1101 169 1162 tore,
199 1101 231 1151 al
250 1093 317 1171 pede
345 1112 380 1151 ac
405 1094 523 1170 astigia
556 1094 690 1155 Caesario
716 1096 882 1167 calcaretur,
901 1116 963 1157 ora·

92 1199 153 1274 bat.
195 1198 394 1270 Vespasianus
422 1197 514 1270 primo
540 1197 676 1264 inridere,
702 1200 891 1273 adspernari:
920 1205 963 1257 at·

91 1315 158 1371 que,
168 1296 228 1353 illis
249 1295 436 1362 instantibus,
448 1297 533 1353 modo
547 1296 653 1356 lamam
669 1300 809 1357 vanitatis
824 1310 963 1369 metuere,

93 1395 182 1452 modo
203 1393 405 1453 obsecratione
425 1395 551 1467 ipsorum
578 1403 608 1453 et
637 1398 759 1455 vocibus
782 1400 963 1457 adulantium

94 1493 127 1563 in
162 1510 244 1567 spem
275 1493 386 1560 induci,
417 1502 563 1566 postremo
598 1494 761 1552 existimari
788 1515 807 1554 a
842 1498 963 1556 medicis

92 1591 184 1658 iubet,
215 1609 254 1648 an
278 1593 346 1648 talis
365 1592 494 1650 caecitas
518 1609 554 1649 ac
582 1593 721 1650 debilitas
757 1612 814 1667 ope
837 1598 964 1654 bumana

96 1691 276 1764 superabiles
296 1690 399 1747 forent.
440 1691 554 1748 Medici
574 1691 656 1747 varie
682 1692 846 1749 disserere:
867 1695 964 1752 ‘Huic

96 1794 106 1822 ⁸
121 1806 184 1846 noo
199 1807 318 1845 exesam
335 1788 394 1845 vim
423 1789 540 1845 luminis
554 1794 586 1847 et
599 1791 764 1857 redituram,
783 1792 810 1848 si
823 1793 965 1865 petieren-

96 1892 162 1944 ‘tur
174 1887 340 1944 obstantia:
361 1887 406 1943 illi
415 1889 531 1960 elapsos
550 1888 582 1944 in
596 1906 717 1962 pravum
743 1896 831 1958 ortus,
851 1891 877 1947 si
890 1892 965 1948 salu·

97 1985 176 2043 ‘bris
206 1986 252 2041 vis
279 1985 459 2051 adhibeatur,
484 2003 568 2057 posse
595 1986 743 2061 integrari.
785 1982 820 2046 ld
844 1989 964 2047 sonasse

94 2083 198 2141 ‘cordi
213 2084 297 2153 Deis,
310 2083 464 2169 elmuino
477 2085 639 2142 ministerio
648 2085 815 2158 Principem
828 2089 965 2145 electum.

94 2176 255 2256 ‘deniqne'
271 2183 375 2255 patrati
403 2184 523 2241 remedii
546 2183 669 2254 gloriam
693 2202 783 2256 penes
798 2186 965 2253 Caesarem,

94 2280 205 2338 'inriti
219 2280 373 2341 ludibrium
393 2299 483 2354 penes
508 2281 638 2349 miseros,
651 2280 739 2341 lore)
779 2283 871 2357 lgitur
892 2284 966 2341 Ves-

97 2380 247 2454 pasianus,
280 2385 387 2437 cuncta
415 2380 545 2437 tortuose
572 2397 642 2438 suae
667 2385 765 2454 patere
790 2388 876 2449 ratus,
910 2400 966 2440 nec

95 2480 254 2555 quidquam
269 2481 342 2536 ultra
362 2479 546 2547 incredibile,
566 2482 645 2537 laeto
667 2480 730 2553 ipse
746 2483 837 2549 vultu,
857 2487 967 2546 erecta,

96 2596 171 2654 quae
192 2579 335 2643 adstabat,
357 2579 552 2646 multitudine,
574 2578 654 2637 iussa
681 2580 860 2654 exsequitur.
903 2582 967 2638 Sta·

98 2678 153 2735 tim
167 2693 312 2759 conversa
325 2677 363 2733 ad
375 2694 455 2734 usum
470 2694 580 2741 manus,
601 2693 637 2732 ac
656 2693 748 2734 caeco
762 2669 870 2735 reluxit
892 2679 965 2736 dies.
1073 2698 1077 2705 ·

97 2776 272 2849 Vtrumque,
293 2774 341 2848 qui
364 2773 530 2841 interfuere,
552 2792 628 2832 uuuc
654 2770 769 2850 quoque
797 2782 971 2844 memorant..

98 2881 251 2951 postquam
278 2875 388 2933 nullum
412 2872 567 2930 mendacio
595 2874 727 2946 pretium.
780 2875 878 2932 Altior
897 2870 1019 2933 iudeus

128 3045 234 3094 Nullum
248 3048 361 3094 mendacia
376 3048 482 3109 prelium]
513 3047 569 3100 Quis
584 3052 658 3094 autem
673 3046 772 3106 gratuito
785 3046 879 3093 mendax
888 3047 967 3096 sit?-

311 3142 362 3174 rum
371 3128 417 3176 aiat
423 3129 524 3184 mesaia
530 3129 592 3185 falsi

252 3185 334 3239 auur,
344 3191 416 3232 ratam
425 3188 486 3235 dsbst
495 3188 554 3234 tratis
561 3187 642 3233 liuban
648 3184 731 3243 filtra,

100 3263 240 3312 aitOvidius
251 3265 291 3310 Tr.
302 3267 324 3319 3,
337 3267 371 3321 lo,
380 3268 416 3312 35.
448 3264 511 3321 Ilipa.
541 3265 648 3312 Ceterum
663 3279 729 3324 super
742 3263 986 3324 haerequaediepn

96 3328 184 3379 tentor,
195 3337 240 3369 noo
251 3330 316 3368 vacat
325 3337 507 3379 commemorare,
523 3338 564 3370 nec
573 3324 632 3369 ratio
641 3327 742 3368 notarum
752 3322 870 3366 desiderat.
903 3322 967 3368 Tori-

98 3389 139 3429 tos
147 3396 192 3428 nou
202 3381 293 3427 ridetur
302 3381 389 3429 alienus
400 3382 467 3428 luisse
481 3382 510 3428 ab
524 3397 552 3428 ea
566 3388 645 3442 porte,
654 3389 680 3427 ut
694 3383 758 3426 tidem
768 3380 820 3425 tacti
829 3387 967 3438 agnosceret.

100 3440 162 3489 Nam
171 3447 195 3486 et
205 3444 286 3486 notum
294 3441 341 3486 aas
348 3443 464 3488 aaaron
474 3441 584 3488 hominem
595 3440 658 3486 illum
667 3446 742 3494 vocat,
752 3444 777 3484 ut
787 3440 847 3484 nulla
856 3438 969 3484 simulatio

98 3500 217 3546 meditatis
236 3499 309 3544 mcum
328 3499 431 3546 babuisse
449 3500 533 3554 innuat,
553 3506 669 3545 stactam
689 3514 735 3543 rem
755 3504 871 3557 praesente
890 3509 969 3554 magua

99 3558 214 3607 honinem
229 3557 381 3617 molendina,
396 3558 419 3607 is
438 3560 490 3606 loeo
507 3558 603 3620 publico,
619 3563 644 3604 st
655 3565 808 3611 ,memoratam
823 3556 868 3603 suis
882 3569 969 3617 quoque
