2509 4292
321 354 395 426 alr
623 376 876 428 ararormnmr
1039 380 1069 429 a.
1083 342 1114 429 v]
1132 382 1188 431 an.
1236 352 1238 383 ⁴

319 546 400 590 mum
422 530 489 604 pilia
507 535 538 590 et
557 533 669 591 lanceir
695 531 883 590 rimabantur.
903 549 972 591 nam
986 532 1099 591 Valem
1128 550 1187 592 aer·

320 631 376 690 vili
410 638 493 689 verte
526 633 601 704 apud
635 630 832 689 Decurionem
864 632 993 705 equitum
1027 633 1188 706 tegebatur.

323 730 404 789 'l'um
437 730 589 802 Alphenor
614 730 720 792 Vama,
740 729 911 788 Praefectus
937 737 1108 797 aratrorum,
1141 731 1189 787 de

321 827 461 902 flagmnte
487 827 635 900 paullatim
662 827 819 895 reditione,
834 829 919 886 addit
945 829 1120 896 concilium,
1140 846 1188 886 ve·
1236 800 1238 941 ⁴

321 926 383 984 titia
395 927 475 983 obire
490 925 606 999 vigiliae
621 925 858 995 centurionibus,
872 928 980 985 omiaao
994 928 1082 985 tubae
1107 944 1189 994 rouo,
1237 948 1238 955 ¹

320 1041 377 1100 quo
402 1024 485 1081 milea
512 1025 549 1081 ad
576 1024 646 1082 belli
675 1025 773 1083 munia
788 1026 902 1084 cietur.
954 1025 1046 1099 igitur
1073 1031 1191 1099 torpere
1236 968 1238 1065 Ι

320 1121 428 1187 cuncti,
458 1121 704 1195 circumspectare
737 1124 815 1182 inter
846 1142 878 1182 ae
911 1123 1057 1181 adtoniti:
1101 1128 1134 1180 et
1160 1122 1190 1182 id

318 1219 421 1292 iprum,
444 1222 521 1294 quod
542 1238 631 1279 nemo
652 1228 773 1296 regeret,
798 1230 955 1297 paventer:
984 1221 1116 1288 cilentio,
1141 1236 1188 1294 pa·

317 1315 432 1384 tientia,
470 1328 615 1390 poatremo
654 1320 788 1393 precibus
821 1338 857 1378 ao
890 1320 1027 1394 lacrymis
1066 1319 1187 1377 veniam
1237 1384 1238 1397 ἢ

316 1416 503 1488 quaerebant.
543 1416 587 1474 Vt
618 1435 691 1477 vero
717 1418 855 1476 deformia
885 1424 915 1476 et
949 1417 1021 1476 dena
1054 1425 1088 1476 et
1111 1435 1186 1491 prae·

317 1515 456 1586 terapem
481 1513 637 1573 incolumia
657 1516 771 1574 Vaiena
786 1518 933 1591 processit,
952 1516 1103 1591 gaudium,
1125 1515 1188 1574 mia·

317 1611 418 1679 eratin,
440 1611 540 1669 lavor:
562 1613 641 1670 verri
673 1614 704 1671 in
739 1615 889 1680 laetitiam,
921 1615 966 1690 (ut
999 1620 1043 1671 eat
1083 1616 1186 1688 vulgar

316 1718 437 1789 utroque
469 1715 661 1793 inmodicam)
688 1718 839 1775 laudantes
869 1722 1095 1792 gratanterque:
1135 1716 1188 1774 cir·

226 1806 231 1817 ’
316 1815 483 1871 cnmdatum
496 1815 600 1890 aquilia
619 1817 767 1891 signisque
781 1818 811 1875 in
836 1817 959 1875 tribunal
980 1818 1087 1875 lerunt.
1131 1818 1184 1874 llle
1237 1872 1238 1875 ,

316 1911 382 1970 ntiti
406 1914 603 1972 moderatione
631 1933 689 1973 non
702 1915 876 1989 auppticium
889 1916 1058 1990 cuiuaqunm
1087 1932 1186 1990 popon-

317 2009 377 2069 cit:
411 2027 447 2069 ae
481 2030 518 2071 ne
550 2013 737 2073 dimimulana
770 2015 931 2087 serpentini
963 2014 1047 2081 toret,
1078 2030 1186 2092 pauent

316 2107 483 2167 inccravltt
517 2118 623 2180 gnam}
656 2112 794 2163 civilium
822 2108 907 2161 bellia
940 2107 1004 2180 pica
1035 2104 1184 2173 militibus,

264 2214 306 2278 80
316 2224 403 2290 qnam
418 2210 559 2278 Ducibur,
572 2208 670 2268 licere.
713 2206 914 2266 Munientibua
931 2214 1025 2264 caetra
1040 2208 1118 2281 apud
1134 2207 1185 2264 Ti·

315 2313 424 2376 einum,
438 2311 476 2367 de
489 2310 615 2366 advena
627 2305 775 2365 Caecinae
791 2323 885 2381 pugna
900 2308 1037 2371 adlatum,
1052 2312 1084 2364 et
1097 2322 1183 2380 propr

315 2414 457 2468 renovata
480 2408 596 2471 reditio,
623 2412 791 2479 ‘tamquam
818 2405 915 2462 fraude
940 2411 970 2460 et
991 2401 1183 2462 cunctationi·
1234 2392 1236 2503 i

316 2506 388 2564 ‘bur
410 2505 546 2561 Valentia
573 2504 684 2577 proelio
707 2502 885 2561 desciscent?
935 2504 1024 2559 Nolle
1049 2502 1181 2576 requiem,
1235 2506 1236 2513 ’

316 2621 375 2664 non
391 2609 562 2674 exspectare
577 2604 703 2669 Ducem,
723 2603 834 2659 anteire
856 2602 950 2675 sigua,
976 2619 1077 2674 urgere
1097 2596 1182 2672 rigni·
1235 2588 1236 2635 l

315 2702 398 2759 ieron
425 2700 526 2773 rapido
551 2703 668 2774 agmine
693 2702 842 2759 Caecinae
865 2701 1027 2774 iunguntur.
1071 2701 1182 2770 lnproa-
1234 2726 1235 2797 q

316 2816 384 2873 pera
399 2784 632 2881 lfalentiaiama
655 2802 731 2871 apud
746 2800 905 2857 exercitum
935 2797 1079 2879 Caecinae
1101 2798 1179 2851 erat:
1234 2806 1235 2897 q

316 2897 484 2969 ‘expositor
493 2915 524 2953 ae
533 2904 615 2954 tanto
630 2898 780 2971 pauciores
788 2899 909 2970 integris
922 2896 1044 2954 boatium
1054 2887 1181 2957 viribua,’
1232 2938 1234 2943 ,

318 2999 518 3074 querebantur,
547 2996 632 3052 eimul
663 2996 693 3053 in
714 3014 795 3053 auam
815 2995 1045 3062 excusationem,
1076 2999 1106 3073 et
1135 2989 1180 3047 ad·
1233 3050 1234 3055 ,

318 3096 502 3156 ventanlium
527 3098 612 3153 robur
641 3112 693 3168 per
719 3096 917 3153 adulationem
941 3096 1125 3157 adtollentea,
1142 3101 1177 3143 πθ
1233 3092 1234 3155 I

318 3203 351 3258 nl
371 3197 445 3255 victi
472 3200 502 3252 el
531 3195 634 3268 ignavi
661 3195 906 3266 despectarentur.
948 3193 987 3250 Et
1014 3199 1179 3265 quamquam

319 3299 383 3371 plua
398 3296 511 3361 virium,
532 3310 620 3367 prope
645 3293 808 3366 duplicatur
833 3293 980 3367 legionum
1000 3290 1177 3347 auxiliorum·
1232 3324 1233 3329 η

319 3413 375 3471 que
389 3411 522 3451 numerus
535 3399 597 3448 erat
620 3391 753 3457 Valenti,
776 3393 872 3449 eludia
886 3397 982 3448 tamen
1008 3388 1130 3446 militum
1148 3381 1176 3437 in

320 3491 482 3549 Caecinam
501 3490 701 3556 inclinabant}
723 3507 808 3563 cuper
837 3489 1050 3563 benignitatem
1086 3476 1176 3544 animi»

321 3607 377 3664 qua
409 3588 568 3665 promptior
601 3589 770 3659 habebatur,
806 3589 896 3648 eliam
929 3587 1033 3663 vigore
1073 3578 1177 3645 aenda
