2509 4292
291 297 363 367 398
578 320 831 371 nssronsaarrt
912 330 917 341 ·
1012 329 1042 372 s.
1057 326 1088 372 v.
1104 328 1152 373 arr

321 469 833 539 mmpruuiclusrrmrcpprimitur.
868 474 912 525 R
931 469 1155 527 Civilirncuclem

323 559 407 611 aciem
427 566 543 621 mearet,
567 561 644 612 redis
660 559 762 611 (irride
790 566 864 611 truste
889 559 1015 613 Rhenum
1036 564 1154 628 pellitur.

324 644 388 708 Hir.
410 648 525 701 incastum
550 648 711 701 Bctmcrsrm
739 649 888 713 poputum,
911 648 1051 715 rupepluec
1071 667 1153 710 smne,

323 750 421 788 aarum
439 737 579 789 discrimen
601 737 664 788 asir.
700 738 743 787 24.
764 738 807 787 25.
829 735 901 788 Viam
920 739 1037 789 huetium
1053 740 1155 790 cuicum

325 825 429 877 occultis
446 827 547 877 aureliis
563 822 708 891 ladqfuctct.
744 827 788 875 28.
806 823 908 886 Civilis,
923 826 1007 891 petitu
1018 828 1155 893 eudomio,
1241 884 1242 887 ,

325 912 359 962 cd
368 912 520 965 deditionem
532 929 557 963 se
566 926 683 978 pronum
698 912 847 978 prqfitctar.
952 950 954 953 -

263 1078 450 1158 lEsusnsu
478 1100 548 1158 anni
572 1101 715 1174 principio
738 1102 846 1159 Caesar
861 1100 957 1167 Titus,
984 1105 1154 1175 perdomau·
1241 1166 1243 1189 ,

290 1202 344 1257 dne
367 1197 490 1252 Iudaeae
503 1196 635 1252 delectus
661 1201 780 1267 epatre,
794 1202 824 1252 ct
844 1194 979 1268 praelatis
1006 1199 1152 1270 utriusque
1241 1226 1242 1261 3

289 1298 371 1353 rebus
396 1292 500 1350 militia
523 1294 627 1357 clarus,
651 1292 758 1349 maiore
790 1299 850 1351 tum
884 1293 915 1349 vi
941 1293 1152 1367 lamaqueage
1240 1296 1242 1369 ᾖ

288 1395 345 1460 bal,
366 1390 543 1450 certantibus
564 1390 779 1462 provinciarum
793 1396 822 1446 el
846 1391 1027 1447 exercituum
1041 1392 1152 1448 studiis.

288 1493 385 1565 Atque
412 1489 485 1561 ipse,
512 1494 543 1545 ut
580 1506 666 1560 super
692 1488 834 1544 fortunam
866 1491 1041 1555 crederetur,
1067 1491 1152 1546 dece
1241 1494 1242 1523 l

287 1605 348 1645 rum
363 1606 394 1644 sc
409 1593 624 1659 promptumque
640 1585 768 1642 inarmis
782 1588 962 1652 ostendebat,
976 1587 1153 1644 comitateet

286 1686 427 1760 adloquiis
441 1684 536 1741 officia
551 1701 733 1755 provocans:
754 1701 791 1740 ac
806 1687 972 1757 plerumque
998 1684 1030 1740 in
1055 1703 1152 1757 opere,
1241 1672 1242 1701 *

286 1790 317 1845 in
343 1785 468 1858 agmine,
492 1783 622 1856 gregario
646 1781 731 1838 militi
759 1782 876 1850 mixtus,
893 1783 1069 1855 inconruptu
1093 1783 1152 1840 Du·

285 1883 328 1940 cis
353 1883 472 1938 honore.
521 1879 598 1936 'l'res
628 1895 694 1934 eum
719 1878 748 1934 in
772 1880 881 1936 iudaea
905 1878 1046 1951 legiones,
1070 1882 1152 1954 quin·

285 1991 324 2049 ta,
338 1986 367 2038 et
381 1980 504 2044 decima,
518 1985 547 2034 et
562 1977 786 2052 quintadecima,
801 1982 885 2033 vetus
899 1978 1077 2048 Vespasiani
1102 1979 1151 2037 mi
1241 1994 1242 2015 ³

286 2082 339 2145 les,
367 2095 521 2150 excepere.
573 2075 696 2132 Addidit
723 2093 740 2131 e
769 2074 855 2147 Syria
882 2074 1097 2141 duodecimam,
1123 2081 1153 2133 et

286 2179 426 2234 adductos
446 2174 627 2233 Alexandria
647 2173 930 2230 duoetvicesimenus
946 2174 1151 2248 tertianusque.

288 2274 510 2333 Comitabumur
523 2271 628 2346 viginti
652 2270 748 2330 sociae
770 2271 913 2333 cohortes,
926 2276 996 2326 octe
1022 2273 1152 2345 equitum

284 2374 368 2429 alae:
396 2372 483 2429 sinui
508 2370 638 2442 Agrippa
660 2370 868 2444 sciemusque,
892 2369 997 2441 Reges,
1024 2376 1056 2425 et
1082 2387 1152 2427 anx-

283 2469 336 2526 ilia
358 2469 448 2543 Regis
474 2467 624 2527 Antiochi,
651 2468 813 2541 validaque,
835 2473 873 2535 et,
892 2466 979 2523 solito
1001 2466 1081 2523 iuter
1103 2470 1151 2526 ad·

284 2569 363 2624 colus
387 2567 465 2633 odiu,
484 2565 598 2622 intensa
623 2566 738 2622 ludaeis
764 2565 891 2623 Arabum
914 2582 1035 2621 manus:
1056 2566 1149 2632 multi,

283 2681 354 2738 quos
367 2666 437 2721 urbe
465 2666 551 2734 atque
566 2663 653 2718 ltalia
674 2678 725 2719 sua
738 2680 878 2736 quemque
902 2680 969 2734 spes
990 2663 1149 2730 acciverat,

283 2763 446 2841 occupandi
471 2763 639 2835 Principem
662 2765 756 2820 adhuc
781 2781 912 2819 vacuum.
953 2764 1010 2821 His
1022 2782 1087 2822 cum
1100 2781 1149 2822 co-

284 2862 339 2938 piis
378 2861 451 2919 fines
484 2860 609 2918 hostium
644 2862 798 2935 ingressus,
830 2863 993 2933 compositu
1024 2863 1150 2937 agmine,

314 3035 415 3083 Privulir
433 3036 549 3094 utriusque
565 3035 641 3094 reiut]
671 3034 822 3094 Vespasianus
836 3048 863 3078 ac
880 3034 952 3088 Titus,
967 3035 1063 3094 privatis
1077 3037 1152 3082 nrllsm

285 3096 358 3150 rebus,
370 3096 391 3141 id
402 3099 444 3151 est,
454 3096 549 3140 nundum
559 3094 588 3138 ast
602 3092 749 3153 principatum
759 3093 840 3147 erecti,
857 3092 879 3137 ia
888 3092 1017 3148 Germania,
1027 3095 1052 3139 iu
1062 3094 1151 3141 aritm-

285 3155 331 3211 nia,
350 3154 373 3201 in
391 3153 479 3199 Judaca
501 3151 593 3197 militari
614 3152 680 3197 laude
702 3151 860 3197 inclaruerunt.
891 3150 951 3196 Vide
972 3152 1108 3200 Suetonium
1126 3153 1151 3200 in

285 3214 378 3271 Vespas.
391 3212 430 3257 lV.
441 3217 466 3256 et
481 3211 504 3256 iu
513 3210 562 3255 Tit.
578 3209 616 3255 lV.

315 3289 479 3393 Tatiumque}
500 3286 608 3339 Leuiom
626 3287 659 3332 lll
669 3292 692 3332 et
701 3286 778 3334 xxn.
795 3288 833 3334 De
841 3286 890 3334 Titi
900 3287 999 3332 exercitu
1008 3287 1064 3334 virle
1077 3293 1102 3335 el
1110 3290 1151 3336 Jo-

283 3349 384 3407 sspltuns,
394 3347 451 3394 Bell.
477 3346 514 3393 ud
525 3345 555 3392 V.
569 3349 588 3393 1.
599 3361 658 3391 nam.
670 3350 691 3392 6.

313 3425 412 3482 Agrippa
421 3424 572 3485 deiectusque]
591 3424 625 3469 De
635 3424 731 3484 Agrippa
740 3424 769 3469 ll.
778 3423 880 3470 Gallicae
889 3439 896 3479 ς
906 3423 1011 3479 Soluense,
1019 3424 1152 3486 Soplseuuq

282 3484 403 3541 Antiocho,
414 3483 584 3542 Commune,
599 3482 695 3550 regibus,
707 3483 753 3543 jam
761 3483 845 3529 dictum
854 3497 920 3544 supm
930 3481 991 3528 Hist.
1003 3483 1034 3530 ll.
1044 3486 1084 3530 at.
