2509 4292
75 352 216 413 nors·
271 362 341 408 are.
366 360 413 409 ιν.
463 359 542 406 cnr.
567 336 738 407 tiu-63.
860 339 932 408 375

74 517 188 578 hiberae
212 517 355 576 subversa
379 518 581 587 crematoque:
609 510 647 568 iis
674 516 787 571 tsntum
814 513 933 582 relictis,

75 635 141 691 quse
168 614 403 691 Magoodecisc
417 611 616 670 Vindonissae
642 611 700 668 sita
722 618 799 671 sunt.
840 614 986 690 legiaco

75 717 270 774 sextadecima
282 731 349 771 cum
374 711 491 770 auxiliis
517 709 604 768 simul
630 712 739 770 deditis
762 730 781 769 a
800 714 934 773 Nosesio

74 814 103 871 irr
120 815 263 872 colonien
275 814 472 871 Trevermurn
501 811 661 885 transgredi
682 812 808 881 iubetur,
836 815 936 885 praell-

78 913 216 980 ailadis,
243 914 320 971 iutrs
346 929 432 986 quam
459 911 562 968 castris
589 911 757 968 excederet.
802 912 934 970 Medium

76 1029 156 1070 omne
169 1022 284 1088 tempus
310 1030 363 1085 per
386 1013 482 1068 varias
495 1026 578 1067 curas
602 1026 708 1083 agere:
728 1011 934 1085 ignavissimus

79 1112 194 1187 qulsque,
215 1128 366 1170 caesorum
386 1110 461 1182 apud
483 1109 595 1165 Vetere
608 1112 753 1183 exemplo,
774 1117 933 1183 parentes3

79 1211 172 1268 melior
184 1228 249 1284 pers
263 1214 366 1267 rubore
380 1214 411 1266 el
420 1206 555 1266 infamia:
571 1210 677 1282 ‘quale
689 1208 761 1265 illud
774 1206 851 1266 iteri
870 1210 933 1284 quis

81 1310 250 1369 ‘duxviae'l
270 1315 300 1366 el
313 1307 412 1366 omnia
439 1307 471 1364 in
484 1306 604 1364 arbitrio
630 1324 738 1374 eoram,
751 1324 821 1381 quos
853 1307 933 1365 vilse

81 1411 228 1485 ‘necisque
241 1409 377 1467 dominos
391 1404 549 1464 lecisseut.'
590 1406 663 1472 Alii,
683 1408 762 1462 nulls
781 1406 934 1463 dedecoris

80 1522 151 1572 cure,
163 1510 384 1582 pecuniam‚aut
392 1505 543 1563 carissima
556 1503 732 1574 sibimetipsi
744 1504 934 1562 circumdare.

82 1605 196 1676 Quidam
210 1608 352 1678 expedire
380 1622 468 1667 arma.
490 1602 612 1675 telisque
634 1608 779 1675 tamquam
793 1602 824 1658 in
838 1604 935 1660 aciem

40 1698 41 1701 ’
84 1707 196 1780 accingi.
237 1708 324 1765 Haec
344 1704 561 1766 meditantibus,
582 1700 706 1758 advenit
732 1699 935 1773 proficiscendi

84 1802 154 1871 hora,
172 1804 396 1878 exspectatione
422 1802 538 1858 tristior.
579 1801 697 1872 Quippe
722 1798 800 1855 intra
826 1800 936 1855 vellum

86 1899 237 1961 deformitas
262 1905 339 1960 haud
351 1922 353 1929 ¹
367 1901 486 1974 perinde
507 1899 664 1971 notabilis:
682 1898 795 1955 detexit
815 1898 937 1972 ignomi-

39 2058 40 2065 χ
84 1997 327 2073 niamcampusel
343 2002 416 2058 dies.
459 1999 607 2056 Revulsae
636 1998 843 2068 Imperatorum
867 1996 937 2053 inra-

50 2138 54 2151 .
85 2098 320 2167 gineainlonora
344 2099 436 2171 signa,
457 2095 634 2171 fulgentibus
657 2094 726 2150 hinc
753 2094 822 2149 inde
838 2093 937 2150 Gallo·
1049 2097 1052 2101 ⁴

85 2211 140 2252 rum
167 2201 302 2257 venillist
323 2199 412 2254 silens
425 2213 541 2270 agmen,
568 2202 599 2250 et
626 2195 709 2249 velut
737 2193 937 2264 longeeertse·

87 2296 178 2365 cuiae:
197 2302 255 2358 dax
281 2297 572 2361 circumsonatus,
599 2293 704 2350 effosso
731 2293 837 2348 oculo:
858 2290 936 2346 dirus

87 2408 138 2460 cre,
155 2397 273 2470 ingenio
298 2396 431 2453 debilior.
483 2393 658 2466 Duplicator
684 2390 834 2464 flagitium,
861 2395 936 2462 post·

88 2510 171 2564 quam,
183 2498 306 2555 desertis
325 2492 533 2551 ‘Bonnensibus
560 2492 673 2555 eastris,
700 2493 790 2547 altera
804 2507 836 2545 se
860 2487 938 2561 legio

88 2592 236 2652 miscuerat.
269 2596 327 2661 'En
359 2596 478 2664 vulgate
505 2595 654 2669 captarum
684 2588 829 2661 legionum
852 2588 937 2654 lama,

91 2694 187 2758 cuncti,
204 2696 252 2768 qui
277 2694 375 2766 paullo
393 2698 462 2747 ante
491 2688 687 2744 Romanorum
711 2704 816 2743 nomen
844 2686 938 2743 horse·

91 2783 158 2854 bans,
189 2796 391 2864 procurrentes
412 2806 450 2844 ex
481 2787 556 2859 agris
588 2785 730 2859 lectisque
757 2790 787 2842 et
812 2787 939 2858 undique

80 2882 288 2946 eliusiinsolito
309 2887 477 2961 spectaculo
504 2883 624 2940 nimium
653 2884 826 2939 fruebantur.
869 2884 938 2937 Non

91 2983 148 3039 tulit
160 2989 203 3044 ela
226 2987 382 3044 Picentina
403 2983 537 3059 gencium
565 2982 730 3038 insultantis
745 2980 842 3051 vulgi:
862 2997 939 3050 spre-

92 3076 173 3154 fisqoe
199 3087 302 3144 Seneli
329 3081 477 3157 promissis
505 3085 554 3135 aut
590 3079 685 3143 minis,
720 3076 938 3148 Mogontiacum

92 3176 208 3239 abeunt:
228 3203 264 3242 ae
277 3186 350 3240 lorle
364 3184 454 3238 obvio
468 3178 653 3236 interfectore
669 3176 810 3237 Voculae,
832 3173 939 3245 Longi·

92 3287 134 3341 ¹¹⁰2
151 3281 289 3339 coniectis
315 3282 348 3337 io
362 3296 429 3335 eum
457 3280 532 3342 telis,
554 3276 669 3332 initium
696 3272 892 3329 exsolvendae
907 3271 938 3326 in

92 3378 223 3441 posterum
249 3382 352 3452 cnlpae
377 3377 482 3434 iecere.
543 3374 701 3446 Legiones,
727 3371 801 3427 nibil
830 3340 940 3426 moleto

93 3463 196 3542 itinere,
209 3485 276 3534 onte
291 3478 405 3535 moenia
420 3477 617 3533 'l'reverorarn
628 3472 792 3529 considunt.
832 3468 939 3526 Civilis
951 3482 994 3541 63

94 3569 121 3621 ll
146 3569 295 3647 Classicus,
328 3578 411 3635 rebus
432 3573 568 3633 secundis
592 3571 708 3639 sublati,
736 3587 774 3627 an
795 3568 941 3627 coloniam
