2509 4292
275 323 324 394 tlt
588 340 774 391 musetum
998 345 1027 391 n
1043 342 1073 391 v.
1089 345 1148 392 ara.
1231 330 1233 415 ξ

273 495 384 565 ‘rantr’
417 495 560 564 Vasaces,
579 495 755 567 ‘imaginem
788 493 933 553 retinendi
960 495 1147 569 largiendive

274 602 383 670 ‘penes
412 613 472 661 noe,
495 596 555 651 vim
584 612 673 667 penes
697 592 838 659 Parthns,‘
859 595 1041 653 memorarit.
1103 596 1147 653 Et

274 699 395 755 multum
418 692 548 752 invicem
571 695 744 765 disceptato,
769 694 948 751 Monobazus
973 693 1148 753 Adiabenus

274 794 306 851 in
318 794 397 851 diem
421 800 565 865 posterum
585 793 667 849 testis
689 792 726 849 iis
750 809 824 864 quae
850 792 1038 865 pepigissent,
1061 792 1145 849 ndlri·

274 894 363 949 betur.
415 891 586 964 Placuitque
609 890 742 948 ‘litterari
761 890 874 947 obsidio
899 891 1028 963 legiones
1041 898 1073 947 et
1093 891 1145 948 de·

274 991 398 1047 ‘cedere
420 1006 537 1045 omnem
562 989 685 1046 militem
708 989 811 1045 tinibus
841 989 1055 1054 Armeniorum,
1080 1006 1144 1047 cas·

274 1091 419 1162 ‘telisque
437 1093 468 1145 et
488 1098 668 1145 commeatus
683 1088 797 1145 Parthis
820 1088 904 1147 tradi
925 1088 1028 1161 quibus
1042 1106 1145 1160 perpe·

274 1186 385 1253 ‘tratis
407 1188 491 1259 copia
515 1188 658 1258 Vologesi
669 1187 761 1251 fieret,
774 1186 909 1245 mittendi
932 1188 969 1242 ad
992 1187 1145 1245 Neronem

225 1275 262 1333 15
275 1290 282 1318 ‘
294 1283 433 1357 legatos),
464 1286 584 1342 Interim
598 1286 710 1343 flumini
735 1284 878 1342 Arsaniae
891 1281 931 1360 (is
943 1292 1039 1347 eastra
1061 1303 1145 1356 prse-

276 1380 394 1457 fluebat)
408 1389 525 1455 pontem
540 1384 674 1456 inposuit,
688 1383 787 1455 speeie
810 1384 867 1440 sibi
880 1383 951 1441 illud
975 1383 1031 1441 iter
1053 1401 1145 1455 expe-

274 1482 400 1540 dientis:
431 1484 482 1539 sed
508 1483 617 1549 Partiri,
641 1482 723 1557 qussi
752 1483 958 1540 documentum
991 1481 1147 1552 victorine,

274 1582 426 1639 iusserant.
448 1599 569 1656 namque
584 1582 619 1637 iis
642 1580 785 1639 aenituit:
808 1580 898 1637 nestri
920 1598 971 1652 per
993 1581 1145 1641 diversum

275 1679 343 1736 iere.
384 1681 506 1738 Addidit
522 1696 625 1743 rurnor,
650 1679 841 1752 ‘subiugum
865 1679 966 1736 mess
990 1678 1144 1752 legiones?

274 1781 305 1834 et
327 1776 385 1833 alia
409 1794 448 1833 ex
472 1779 554 1833 rebus
582 1776 724 1846 infaustis,
750 1795 870 1852 quorum
896 1778 1081 1835 simulacrum
1104 1780 1147 1836 eb

276 1874 426 1934 Armeniis
448 1879 614 1945 usurpatum
642 1881 696 1932 est.
751 1877 886 1950 Namque
910 1884 940 1933 et
961 1876 1145 1935 munimenta

275 1974 397 2047 ingressi
410 1979 486 2040 sunt,
501 1979 655 2048 antequam
669 1991 774 2048 agmen
789 1975 952 2033 Romanum
975 1976 1146 2044 excederet,

276 2077 307 2131 et
333 2067 551 2131 circumstetere
579 2071 652 2135 rias,
676 2073 796 2144 captiva
816 2073 887 2130 olirn
911 2073 1065 2146 mancipii,
1092 2078 1146 2133 sut

276 2170 404 2229 iumenta
417 2173 631 2245 adgnoscentes
640 2171 904 2244 abstrahentesqne.
928 2172 1041 2243 mpne
1052 2173 1145 2232 etiam

278 2274 385 2336 vestes,
411 2276 632 2335 retentamus,
654 2269 762 2342 parido
783 2269 877 2326 milite
897 2274 927 2325 et
950 2271 1146 2338 eoncedente,

277 2383 314 2422 ne
328 2385 384 2440 qus
397 2368 499 2439 proelii
523 2385 625 2424 caussa
645 2367 811 2425 exsisteret.
852 2368 1025 2440 Vologeses,
1052 2368 1145 2429 ermis

276 2467 306 2520 et
319 2463 483 2535 corporibus
496 2480 646 2522 caesorum
666 2464 839 2539 adgregatis,
862 2482 919 2539 quo
939 2466 1054 2523 cladem
1077 2483 1146 2523 nos-

278 2564 349 2618 tram
363 2565 523 2629 testaretur,
552 2563 617 2620 visu
641 2563 811 2637 lugientirun
825 2564 972 2637 legionum
991 2563 1143 2621 abstinuit.

277 2663 370 2721 Fama
384 2663 588 2721 moderationis
601 2666 800 2737 quaerebatur,
813 2671 963 2738 postquam
977 2663 1146 2737 supersim

276 2762 455 2833 expleverat.
495 2762 624 2822 Flumen
643 2762 798 2820 Arsaniam
822 2764 979 2835 elephanto
1001 2761 1145 2830 insidens,

276 2864 306 2918 et
320 2859 467 2931 prosimus
486 2860 605 2935 quisque
630 2861 742 2935 Regem
769 2860 800 2918 vi
822 2877 958 2935 equorum
977 2878 1144 2934 perrupere,

276 2958 343 3035 quia
365 2976 458 3016 rumor
485 2960 656 3023 incesserat,
676 2966 787 3036 pontem
811 2975 954 3017 oesurrum
977 2957 1055 3015 oneri
1078 2958 1144 3018 dole

265 3056 481 3137 fabricantium.
502 3060 553 3116 sed
576 3058 626 3133 qui
648 3058 761 3131 ingredi
781 3057 844 3117 ausi
866 3064 943 3124 sunt,
966 3057 1098 3115 validum
1112 3064 1144 3116 et

228 3143 364 3216 ¹6lidum
387 3158 568 3214 intellexere.
623 3156 760 3215 Ceterum
787 3156 912 3214 obsessis
938 3157 1014 3213 adeo
1039 3173 1145 3231 suppe-

276 3257 491 3314 ditavisse-rem
510 3254 727 3313 frumentariam
750 3254 891 3321 constitit,
916 3260 948 3312 ut
969 3255 1079 3312 horreis
1101 3256 1145 3331 ig·

276 3372 344 3423 uem
357 3355 531 3413 iniicerent:
553 3360 710 3429 contraque
725 3353 883 3428 prodiderit
896 3355 1033 3420 Corbulo,
1055 3353 1145 3413 ‘Pn-

305 3515 429 3576 Oonlrrrque
445 3518 569 3574 prodiderit
594 3519 702 3580 Corbulo]
744 3519 769 3564 ln
792 3518 963 3574 commentariis,
989 3516 1077 3578 opinor,
1102 3523 1145 3566 aut

275 3571 368 3620 historie
383 3575 462 3623 haruin
480 3590 561 3624 rerum.
593 3574 679 3625 Plinius
697 3582 760 3625 certe
778 3576 927 3625 Corbulonem
946 3577 1006 3623 iuter
1022 3578 1145 3639 scriptores
