2509 4292
285 311 358 381 234
575 325 826 377 ursaonnnvu
1006 326 1154 377 avons

283 482 420 542 absolvit.
480 480 599 539 Salvius
631 479 778 545 Titianus,
809 477 935 537 Othonis
963 478 1061 544 irater,
1092 481 1153 539 uui-

271 589 344 645 ,lnm
367 586 524 643 discrimen
543 584 625 649 adiit,
645 570 753 655 pietate
780 588 811 639 et
837 583 958 655 ignavia
976 589 1154 643 excusatus.

244 738 248 747 .
286 685 383 744 Mario
416 685 507 742 Celso
541 684 715 741 Consulatus
749 687 888 739 servatur.
922 682 973 737 sed
1006 680 1150 739 creditum

286 783 372 849 lanta,
392 782 593 854 obiectumque
621 797 689 837 mox
716 780 747 836 in
776 781 886 837 Senatu
913 778 1048 837 Caecilio
1078 780 1153 836 Sim·

285 882 367 956 plici,
393 880 488 953 ‘quod
515 895 581 935 eum
610 880 752 935 honorem
782 877 905 950 peounia
933 876 1071 940 mereari,
1096 892 1155 935 nen

286 979 369 1035 ‘sine
382 977 474 1033 exitio
488 976 577 1040 cent,
593 973 751 1033 noluisset?
766 974 868 1032 restitit
884 973 1038 1039 Vitelliusr
1057 975 1151 1033 dedit·

286 1093 341 1149 que
366 1085 466 1147 postea
479 1076 670 1130 Consulatum
687 1073 822 1145 Simplici
835 1072 984 1130 innoxium
998 1079 1029 1127 et
1043 1072 1154 1146 inemp-

286 1178 355 1231 tum.
416 1172 595 1228 Trachalum
632 1172 772 1228 adversm
806 1170 993 1227 criminantes
1022 1170 1154 1239 Galeria,

233 1274 270 1331 ut
287 1288 359 1329 uxor
392 1269 517 1337 Vitellii,
553 1270 688 1341 protexit.
731 1271 811 1327 inter
832 1285 997 1342 magnorum
1025 1268 1154 1329 virorum
1236 1314 1237 1341 p

283 1369 451 1428 discrimina
475 1364 655 1440 (pudendum
682 1365 778 1444 dictu)
803 1367 949 1425 Marianus
975 1366 1105 1440 quidam,
1135 1385 1152 1427 ο

281 1469 367 1542 plebe
383 1467 530 1531 Boiorum,
542 1466 670 1523 inserere
684 1483 748 1522 sese
771 1466 917 1523 Fortunae
937 1469 966 1520 et
990 1481 1153 1536 provocata

283 1581 362 1623 arma
379 1564 520 1630 Romana,
534 1563 719 1621 simulatione
735 1564 762 1621 N
767 1563 894 1620 uminum
905 1580 990 1619 ausus
1000 1570 1055 1619 eat.
1080 1565 1155 1622 lam·

284 1679 339 1738 qne
362 1659 490 1718 adsertor
514 1640 677 1718 Gallionem
695 1667 720 1718 et
739 1660 818 1717 Daue
837 1657 956 1734 (nomen
977 1661 1008 1717 id
1027 1661 1085 1718 sibi
1109 1662 1154 1721 io·
1236 1660 1237 1699 t

283 1760 411 1836 diderat)
442 1759 569 1818 concilis
601 1766 671 1817 octo
705 1759 830 1816 millibus
864 1759 1038 1822 homiuum.
1054 1759 1153 1832 proxi·
1237 1788 1238 1809 ι

285 1876 347 1918 mos
363 1860 528 1917 Aeduorum
558 1875 646 1930 pagos
666 1858 815 1925 trahebam
835 1874 901 1915 num
924 1859 1099 1931 gravissima
1112 1857 1155 1919 oi·

286 1959 372 2023 vitas,
398 1960 493 2037 eleeto
519 1956 682 2021 iuventute,
706 1955 829 2013 adiectis
853 1973 871 2012 a
899 1956 1025 2013 Vitellio
1051 1958 1154 2014 cohoe-

285 2056 371 2123 tibus,
393 2054 549 2113 lunaticam
576 2055 793 2112 multitudinem
816 2054 942 2110 disiecit.
984 2054 1098 2128 captue
1122 2055 1155 2113 in

285 2171 321 2212 ao
350 2154 460 2227 proelio
491 2153 638 2211 Mariccus
658 2170 694 2211 aa
724 2151 881 2210 morieris
911 2151 1053 2220 obiectus,
1084 2153 1155 2229 quin

174 2308 176 2313 .
285 2268 344 2310 noo
359 2252 528 2318 laniabatur,
542 2251 679 2308 stolidum
704 2254 806 2324 vulgus
829 2250 1029 2308 inviolabilem
1053 2253 1155 2311 oredo·

284 2349 346 2412 bat,
379 2350 484 2416 doner,
525 2355 679 2422 spectante
712 2349 847 2415 Vitellio,
892 2347 1064 2407 interleatm
1097 2355 1152 2419 eet.

232 2444 275 2504 θλ
287 2447 352 2504 Nee
372 2448 445 2504 ultra
467 2448 496 2504 in
520 2447 691 2512 detentores,
714 2452 764 2504 aut
791 2448 867 2504 bona
889 2447 1068 2522 cuiusquam,
1089 2466 1152 2509 aaa·

284 2545 399 2602 vitumz
420 2551 482 2602 rata
503 2546 581 2603 luere
607 2562 716 2625 eorum,
743 2545 793 2619 qui
819 2546 884 2603 anis
912 2546 1081 2607 Othoniana
1105 2564 1153 2607 oe·

284 2642 425 2709 uiderant,
459 2648 642 2711 testamenta,
675 2650 726 2701 aut
758 2645 806 2701 lex
837 2644 992 2705 intestatis.
1027 2662 1153 2718 prorsus,

283 2738 308 2797 si
320 2739 451 2795 luxuriae
465 2746 649 2814 temperaret,
662 2741 817 2801 avaritiam
831 2760 889 2800 nou
906 2742 1030 2803 timeres.
1071 2743 1152 2817 Epu-

283 2842 375 2899 larum
398 2839 481 2896 loeda
509 2846 539 2897 el
566 2841 754 2914 inexplebilis
779 2842 891 2899 libido:
911 2859 948 2900 en
968 2843 1035 2898 urbe
1061 2847 1152 2916 etque

284 2938 371 3000 ltalia
383 2936 568 3007 inritamenta
581 2942 667 3013 gulae
686 2941 882 3014 gestabantur,
906 2939 1100 3013 strepentibus
1113 2942 1159 3000 ao

284 3043 405 3113 utroque
427 3036 499 3094 mari
520 3036 690 3094 itineribusz
720 3038 856 3096 exhausti
879 3038 1151 3101 conviviorunad

285 3137 431 3213 paratibus
456 3134 601 3208 principes
613 3135 769 3194 civitatum
781 3158 788 3194 ι
809 3138 998 3196 nutabantur
1010 3138 1095 3212 ipsae
1107 3138 1148 3196 oi·

285 3236 411 3296 vitatesz
430 3237 656 3310 degenerabata
676 3238 776 3294 labore
789 3254 825 3295 ao
850 3237 958 3295 virtute
981 3239 1079 3308 miles,
1102 3239 1149 3297 ad·

284 3410 410 3457 discrimine
426 3408 521 3478 eredidit
537 3409 676 3481 fingentibus.
693 3424 764 3472 eaque
781 3412 811 3458 de
828 3425 905 3459 musra
923 3411 976 3458 adei
994 3411 1017 3460 in
1036 3413 1149 3460 Othonem

283 3468 391 3528 pristinae
408 3481 495 3514 sentam
519 3468 590 3515 dedat.
620 3468 702 3516 usam
722 3471 821 3530 derint,
839 3484 869 3518 se.
888 3470 995 3521 etnim.
1026 3471 1090 3523 Nan
1108 3469 1147 3519 rut

284 3525 714 3594 nommantoetenninmn
745 3529 806 3581 tua
