2509 4292
81 381 109 426 s.
126 376 156 424 c.
172 380 211 424 rs.
311 376 381 424 nur.
410 376 467 424 xv.
518 376 598 424 css.
634 353 802 427 lib-dd.
905 361 955 431 93

79 533 116 588 nb
139 530 263 604 insigne
287 529 414 604 coronis
434 531 518 588 robur
542 531 686 598 sdstsbst,
709 533 868 607 conripitur
891 535 954 593 rin·

79 631 228 704 citatque.
272 629 344 687 Mox
369 633 526 688 eorundem
551 629 664 688 indicio
689 631 810 688 Subrius
832 628 1006 693 Fluvicsili

78 729 236 786 Tribunus
260 729 442 801 pervertitur,
470 729 561 802 primo
585 730 872 790 ‘dissimilitudinem
897 750 955 799 mo·

76 826 175 884 ‘rum’
190 828 228 884 cd
254 827 455 884 defensionem
479 828 605 895 trahens,
619 835 733 904 ‘neque
757 847 789 885 se
814 838 956 888 armatum

76 932 170 984 ‘cum
185 926 344 984 inermibus
364 923 396 983 ei
416 925 590 984 effeminatis
612 932 724 985 tuntum
752 927 866 985 lacinus
887 946 957 987 con-

76 1024 279 1083 ‘socisturum
292 1022 309 1080 ι’
338 1025 418 1090 dein,
453 1030 604 1099 postquem
617 1028 780 1100 urgebatur,
795 1028 955 1086 confessio·

78 1124 124 1182 uis
161 1124 289 1198 glorium
316 1126 485 1197 amplexus:
518 1123 763 1199 interrogatusque
787 1142 805 1183 e
828 1126 957 1198 Nerone,

76 1224 182 1299 quibus
199 1224 312 1280 caussis
333 1224 370 1279 ud
391 1222 573 1280 oblivionem
597 1224 773 1283 sacrementi
797 1226 955 1298 processis·

76 1329 139 1379 set:
164 1321 317 1379 ‘Odorem
331 1318 379 1387 te,‘
402 1319 513 1395 inquit:
534 1328 613 1379 ‘nec
634 1322 782 1397 quisquam
809 1324 862 1381 tibi
886 1324 955 1382 dde-

76 1427 83 1452 ¹
96 1422 153 1479 lior
167 1419 299 1477 militum
312 1419 375 1486 luit,
387 1420 456 1477 dnm
470 1420 561 1477 emori
583 1420 723 1478 meruisti.
743 1422 839 1479 odisse
857 1423 953 1498 coepi,

77 1524 256 1593 ‘postquam
272 1519 413 1591 parricide
428 1520 527 1576 metris
541 1526 570 1576 et
586 1520 686 1578 uxoris
699 1526 729 1578 et
743 1522 841 1596 surige
855 1528 885 1580 et
899 1522 955 1580 bis·

77 1619 156 1676 ‘trio
184 1624 217 1674 et
241 1617 439 1675 incendiarius
461 1618 597 1676 extitisti.
652 1619 720 1692 ipss
742 1621 828 1678 retuli
856 1623 956 1690 verbs,

78 1718 147 1792 quio
161 1735 235 1784 non,
250 1723 282 1773 ut
306 1717 448 1783 Senecae,
463 1719 582 1792 vulgate
592 1724 684 1775 erent.
706 1737 762 1777 nec
783 1720 877 1778 minus
891 1737 955 1779 uos·

78 1816 107 1874 ci
116 1818 248 1873 decebat
264 1814 396 1874 militaris
411 1816 467 1873 viri
480 1834 581 1873 sensus
595 1816 758 1890 incomptos
786 1825 816 1876 et
832 1820 954 1876 validos.

81 1916 167 1973 Nihil
184 1916 216 1972 in
231 1898 284 1971 illd
297 1914 497 1972 coniuratione
510 1915 628 1989 gravius
642 1917 757 1974 nuribus
772 1917 898 1974 Neronis
908 1933 955 1974 sc·

81 2014 194 2071 cidisse
222 2013 365 2078 constitit,
378 2013 439 2086 qui,
452 2020 482 2069 ut
496 2012 640 2071 iaciendis
659 2014 818 2071 sceleribus
845 2030 956 2087 promp-

82 2117 138 2177 tus,
163 2113 207 2169 ito
233 2110 381 2179 audiendi,
400 2128 474 2184 quse
488 2112 608 2179 isceret,
631 2112 761 2168 insolens
774 2115 845 2166 eret.
886 2110 958 2167 Poe·

81 2228 121 2269 ns
136 2209 241 2268 Flavii
256 2209 374 2267 Veiano
389 2210 482 2283 Nigro
495 2210 632 2266 Tribuno
645 2208 806 2264 mandetur.
829 2207 859 2264 ls
875 2224 958 2280 prox·

82 2311 144 2368 imo
172 2309 205 2366 in
219 2325 290 2382 egro
303 2310 435 2364 scrobem
448 2307 536 2365 effodi
549 2308 642 2374 iussit,
665 2323 750 2380 quem
770 2303 902 2369 Flavius,
926 2309 959 2363 ut

82 2405 218 2484 insulem
231 2412 258 2463 et
271 2411 422 2480 angustam
436 2406 601 2479 increpans,
614 2403 869 2462 circumstantibus
884 2403 957 2461 mili·

82 2507 168 2573 tibus,
193 2523 229 2562 ne
254 2502 305 2561 too
327 2502 444 2580 quiden,
467 2503 571 2578 inquit,
593 2521 627 2560 es
648 2501 806 2579 disciplina.
827 2502 957 2563 admoni-

83 2611 197 2681 tusque,
222 2604 334 2660 sortiter
358 2603 530 2676 protendere
554 2602 722 2659 cervicem:
753 2600 878 2670 Vtinam,
905 2604 956 2670 eit,

82 2709 111 2761 tu
130 2710 193 2761 turn
202 2697 438 2780 sortitcrserr'us.
480 2701 518 2758 Et
534 2701 585 2758 ille
608 2704 728 2759 multum
743 2708 877 2767 tremens,
888 2720 955 2760 cum
966 2713 1007 2773 60

83 2804 136 2861 vix
165 2803 280 2859 duobus
308 2801 414 2857 ictibus
438 2806 525 2872 ceput
562 2799 781 2872 amputavisset,
801 2801 958 2859 saevitiem

84 2901 337 2976 spudlleronem
361 2899 495 2962 iactavit,
519 2897 700 2974 sesquiplaga
712 2897 883 2973 intersectum
896 2914 915 2955 a
927 2916 958 2956 se

27 3062 30 3071 Α
84 3001 222 3058 dicendo.
286 2997 454 3055 Proximum
483 2997 665 3054 constantiae
698 3000 864 3069 exemplum
894 2998 958 3053 Sul·

86 3099 181 3173 piolus
198 3100 306 3171 Asper,
326 3096 478 3164 (lecturio,
493 3095 631 3168 praebuit.
653 3094 854 3169 percunctanti
869 3093 960 3149 Nero-

85 3198 127 3267 ni,
148 3214 201 3254 cur
223 3192 379 3254 tamem
405 3211 487 3252 suern
506 3191 742 3270 rmepircssissct?
762 3192 891 3249 breviter
917 3206 959 3246 rs·

114 3371 257 3418 Oblivionem
275 3369 417 3429 sacrementi]
448 3369 501 3415 Non
521 3373 605 3415 temere
625 3365 757 3414 ssersrnenti
777 3362 867 3411 mentio.
899 3362 960 3413 Nem

86 3430 169 3477 milites
183 3430 308 3489 sublmpp.
326 3434 380 3474 ente
398 3427 473 3474 omnin
493 3428 597 3474 iursbsnt
614 3425 637 3471 in
655 3423 764 3484 Principis
775 3424 876 3471 salutem.
908 3421 959 3470 Pul-

88 3491 142 3536 chre
154 3490 262 3537 Arrianus
284 3491 375 3541 t,ls.,

115 3568 259 3629 sesquiplaga
278 3567 432 3627 {muscetum}
472 3564 591 3625 Caligulae
609 3567 771 3626 praeceptum:
800 3561 837 3611 Ire
855 3562 914 3621 feri,
933 3566 962 3615 stt

31 3684 34 3687 ¹
89 3629 145 3675 seori
153 3628 273 3676 ueneat.
306 3624 369 3682 bins.
401 3626 462 3673 Suet.
474 3628 510 3674 8⁰.
