2509 4292
99 352 131 400 a
147 350 177 397 c.
192 352 251 398 m·
339 345 407 393 ata.
434 347 481 393 rr.
533 315 611 395 cau.
641 330 671 394 l.
697 329 731 395 2.
893 328 965 397 ³27

100 510 160 568 quo
173 514 212 553 ex
234 499 337 569 plebe:
358 505 388 555 et
408 499 525 570 pessimi
543 500 730 558 ‘servitiorum
749 473 870 573 prodere
893 505 970 562 ultro

98 590 180 648 dites
193 595 345 653 dominos:
366 596 418 653 alii
432 601 469 653 ab
489 599 592 654 amisis
616 601 856 655 monstrabantur.
895 601 970 656 voi·

98 708 159 763 que
187 694 324 758 lamenta,
350 698 608 761 correlamatioues,
621 707 652 753 et
679 697 768 754 forma
795 704 899 771 captae
925 716 971 760 ur·

100 787 167 845 lris:
195 793 269 847 adeo
295 798 326 848 ut
350 793 511 850 Othoniani
535 795 747 869 Vitellianique
771 796 871 853 militis
894 796 970 853 iuvi-

99 888 187 944 diosa
200 897 286 946 antea
301 893 460 963 petulantia
473 894 691 950 desideraretur.
724 896 823 951 Duces
838 895 970 967 partium,

104 989 297 1045 accendendo
316 989 400 1047 civili
428 992 505 1047 bello
536 1009 627 1057 aures,
648 994 852 1066 temperandae
881 994 970 1050 violo·

102 1084 168 1141 riae
182 1085 304 1157 inpares.
325 1088 431 1161 quippe
445 1089 475 1145 iu
501 1093 596 1146 turbas
610 1098 640 1146 et
663 1083 821 1148 discordias
847 1092 971 1164 pessimo

104 1184 214 1257 auique
229 1187 351 1258 plurima
376 1187 438 1243 vis:
461 1205 516 1261 pras
541 1197 569 1244 et
591 1190 673 1262 quies
696 1191 776 1246 bortis
797 1190 905 1247 artibus
929 1186 1002 1247 ira-2
1063 1199 1067 1205 '

103 1272 217 1355 di'gent.
259 1285 374 1342 Nomen
399 1288 553 1360 sedemque
566 1283 701 1344 Caesaris
716 1289 902 1346 Domitianus
923 1305 970 1345 au-

104 1388 242 1456 peperat:
266 1386 401 1442 noudum
434 1387 471 1442 ad
497 1402 580 1441 ouras
612 1386 749 1456 intentus,
786 1388 837 1444 md
864 1387 971 1459 stupris

104 1484 137 1536 et
164 1481 313 1538 adulteriis
339 1483 429 1539 lilium
458 1483 602 1555 Principis
628 1486 742 1556 agebat.
784 1484 972 1543 Praeieotura

106 1577 250 1635 Praetorii
282 1598 371 1651 penes
394 1580 510 1638 Arrium
538 1581 669 1638 Varum:
688 1598 799 1638 summa
823 1583 971 1655 potentiae

104 1674 137 1732 iu
153 1676 253 1733 Primo
269 1680 407 1736 Antonio.
422 1681 447 1736 is
470 1680 623 1751 pecuniam
637 1679 832 1753 familiamque
853 1697 870 1735 e
891 1680 973 1738 Priu-

107 1774 184 1845 oipis
208 1776 302 1844 domo,
326 1777 407 1850 quasi
434 1778 662 1835 Cremonensem
687 1780 830 1849 praedam,
857 1796 971 1850 rapere:

107 1874 202 1929 ueteri
216 1875 357 1931 modestia
372 1878 418 1931 vel
444 1876 636 1947 ignobilitate,
660 1883 691 1936 ut
715 1878 745 1934 in
768 1879 846 1934 bello
871 1879 974 1935 obseu-

104 1975 142 2040 ri,
170 1974 212 2030 ita
239 1975 441 2046 praemiorum
459 1983 604 2045 expertes.
665 1976 779 2033 Civitas
807 1976 914 2047 pavida
941 1981 973 2032 et

104 2074 229 2133 seruitio
242 2069 493 2148 parataeooeupuri
512 2071 666 2128 redeuntem
682 2070 843 2128 Turranius
866 2072 897 2128 L.
923 2070 973 2128 Vi·

107 2172 217 2231 tellr'um
248 2188 310 2227 mm
342 2169 508 2235 amnium,
540 2167 732 2245 exdingmque
761 2168 869 2244 reliqua
899 2167 974 2238 tetta,

107 2273 281 2347 postulabat.
325 2269 480 2326 Praemissi
504 2269 636 2325 Ariciam
658 2268 786 2342 equites:
806 2285 909 2341 agmen
929 2270 974 2358 le-

107 2372 229 2445 gionum
242 2368 318 2424 iutra
338 2368 473 2424 Bovillas
486 2366 576 2423 stetit.
618 2368 683 2423 Neo
698 2371 850 2423 cunctatus
864 2372 907 2423 est
921 2366 975 2423 Vi·

109 2470 220 2534 lollius,
247 2484 334 2542 seque
361 2472 392 2522 et
413 2466 546 2522 cohortes
568 2466 686 2522 arbitrio
715 2465 833 2522 vintoris
861 2464 975 2536 permit·

108 2573 181 2625 tere.
242 2566 281 2623 Et
309 2565 392 2621 miles
423 2564 552 2621 infelicia
577 2579 672 2631 varrasa,
700 2564 775 2620 haud
803 2563 897 2620 minus
924 2564 975 2633 ira,

107 2683 194 2741 quam
216 2668 293 2721 melu
316 2662 435 2719 abiecit.
487 2663 604 2735 Longus
628 2663 789 2719 deditorum
813 2664 892 2730 ordo,
913 2680 976 2735 sep·

108 2769 155 2821 lus
190 2761 317 2824 armatis,
334 2785 336 2788 ·
352 2778 402 2832 per
434 2760 533 2815 urbem
565 2759 695 2817 inuesuit.
733 2777 819 2818 nemo
851 2758 977 2834 supplici

108 2863 204 2924 vultu,
217 2862 268 2918 setl
283 2860 378 2915 tristes
402 2864 432 2914 et
454 2863 548 2915 truces
569 2864 599 2914 et
619 2860 774 2916 adversum
791 2862 917 2931 ¹plausus
941 2876 976 2916 ao

110 2958 265 3020 lasciviam
279 2956 444 3013 insultantis
461 2957 539 3029 vulgi
563 2957 734 3013 immobiles.
756 2974 863 3028 paucos
886 2974 978 3012 erum-

111 3075 181 3130 pere
209 3072 301 3123 ausos,
329 3053 511 3111 circumiecti
540 3071 679 3126 pressere.
710 3054 802 3109 ueteri
829 3053 858 3108 in
884 3062 978 3108 eusto-

111 3156 191 3212 diam
219 3151 340 3209 conditi.
401 3152 486 3208 Nihil
511 3153 660 3225 quisquam
683 3152 794 3207 locutus
819 3149 977 3221 iudignum,

111 3257 151 3322 el,
179 3268 351 3325 quamquam
377 3249 455 3306 inter
480 3250 614 3317 adversa,
639 3251 723 3305 salva
751 3231 865 3304 virtutis
893 3248 978 3303 sama.

141 3403 287 3452 circumiecti
305 3403 409 3464 prosum]
441 3402 531 3449 Dictum
551 3418 599 3449 esse
623 3417 665 3464 pro
684 3416 820 3463 oppnessere,
840 3400 979 3457 interfecere,

16 3478 17 3505 1
112 3478 179 3524 supra
197 3468 225 3509 Α.
241 3462 307 3517 xlv,
322 3468 342 3508 5.
360 3461 490 3516 monuimus,
510 3470 535 3508 et
552 3463 669 3523 sequentia
687 3461 752 3506 facile
767 3469 869 3518 arguunt.
903 3461 980 3519 ltaque

112 3523 213 3570 Faernus
225 3522 293 3565 etiarn
303 3521 431 3578 corrigebat
439 3535 566 3575 oppressere.
601 3521 676 3568 Etiam
688 3535 722 3579 ap.
735 3520 782 3565 Cic.
794 3520 859 3565 Verr.
873 3519 912 3572 tv,
923 3518 980 3588 235⁰

113 3580 178 3626 libris
188 3580 351 3625 contunduntur
366 3586 523 3634 oppresserant
537 3594 640 3636 pressere.
672 3580 715 3625 Sed
732 3579 761 3624 ibi
776 3592 897 3635 oppressere
908 3592 980 3624 venus

114 3643 156 3684 est.
183 3640 240 3685 Mox
251 3639 308 3683 idem
318 3652 360 3692 pur
370 3637 430 3683 uitiis
437 3637 521 3693 fratri,
533 3654 572 3696 pro
579 3638 673 3693 fratris,
684 3638 750 3698 idque
761 3638 871 3698 probabat
881 3636 979 3683 Vrsinus.

114 3697 174 3745 ans
200 3697 263 3745 Brot.
274 3696 353 3743 mallet
367 3709 494 3755 oppressere,
505 3703 528 3742 et
535 3697 619 3754 suntsi.
652 3696 708 3744 Bud.
717 3698 812 3757 fratris.
