2509 4292
264 284 338 355 cut
566 306 822 359 ursuoarsrtru
992 304 1068 361 ar.
1085 311 1140 359 aar.

265 462 370 527 metus,
383 476 468 536 quam
484 461 574 534 pudor
584 478 619 519 ac
630 462 768 527 dedecus,
782 462 1032 534 obstupefecerat:
1061 468 1145 521 atto·

263 558 334 619 ullu
347 560 436 617 elium
451 560 620 628 victoribus,
633 559 696 633 quis
710 577 816 618 vocam
831 577 992 636 precesque
1015 563 1141 619 tdbibe·

266 676 299 715 ro
317 676 377 716 uon
397 658 471 725 ausi,
494 658 621 718 lacrimis
636 675 671 717 au
684 658 804 717 silentio
819 659 937 717 versiam
952 662 1137 733 poscebant:

264 758 360 817 donec
376 757 500 815 cursu·
514 761 655 815 mulceret
668 758 791 824 animos,
808 759 890 815 ‘lato
902 757 979 817 acta’
988 760 1144 826 slietitaus,

264 868 356 931 ‘quse
369 856 493 913 militum
508 857 682 929 Ducumque
692 856 847 921 discordia,
862 859 913 913 vel
934 856 1035 915 trautle
1045 858 1145 916 bosti-

264 964 338 1020 ‘uuu
369 954 548 1011 evenissent.
590 954 719 1011 Primum
753 954 835 1013 illum
868 955 1079 1027 stipendiorum
1110 961 1142 1015 el

264 1052 457 1113 ‘sacramenti
477 1053 555 1111 diem
571 1054 729 1111 baberent:
752 1054 877 1126 priorum
903 1054 1066 1112 facinorum
1088 1073 1140 1112 ue-

263 1159 341 1226 ‘que
374 1152 582 1224 Imperatorem
616 1168 711 1224 neque
745 1170 777 1208 se
812 1150 1002 1209 meminisse.5
1041 1153 1135 1211 'l’uuc

263 1249 373 1322 recepti
388 1250 418 1307 iu
443 1251 546 1307 eadem
561 1257 666 1316 castra,
687 1255 718 1306 et
740 1250 869 1308 edictum
892 1268 942 1323 per
960 1251 1140 1328 manipulos,

263 1367 300 1411 ue
313 1350 376 1423 quis
390 1349 422 1407 iu
435 1348 596 1407 certamine
610 1350 744 1424 iurgiove
768 1349 943 1407 seditionem
956 1354 1006 1406 sut
1020 1351 1139 1408 cladem

211 1455 253 1516 13
262 1448 456 1506 commilitoni
481 1448 654 1507 oblectaret.
697 1447 770 1506 Mox
799 1449 949 1505 Treveros
968 1465 1004 1505 ac
1025 1448 1139 1522 Lingo-

263 1562 325 1615 ues,
338 1547 376 1604 ud
389 1546 565 1605 couoioueru
586 1552 718 1614 uocatos,
731 1546 774 1603 ita
794 1546 967 1619 adloquitur.
1007 1552 1015 1578 ‘
1028 1547 1139 1622 Neque

264 1651 339 1719 ‘ego
352 1663 477 1720 uuquam
491 1646 656 1707 facundiam
668 1644 805 1714 exercui3
826 1650 856 1701 et
881 1645 986 1717 Populi
1007 1645 1141 1704 Romani
1240 1668 1241 1699 ι

264 1744 423 1803 ‘virtutem
455 1744 543 1801 armis
575 1730 749 1800 adfirmavir
780 1744 852 1810 Sed,
870 1743 938 1818 quis
970 1745 1046 1817 apud
1081 1762 1139 1802 vos

264 1843 373 1901 ‘verba
387 1843 542 1914 plurimum
557 1843 667 1909 valeat,
681 1843 814 1916 bonaque
839 1857 875 1898 ac
899 1843 977 1899 mala
1000 1860 1060 1899 nou
1080 1859 1137 1902 sua

264 1947 395 2009 ‘ustura
432 1943 484 1998 sed
522 1940 644 1997 vocibus
672 1941 886 2006 seditiosorum,
931 1940 1144 2013 uestimentum
1240 1948 1241 2001 l

264 2041 372 2099 ‘statui
385 2057 477 2115 pasca
504 2039 655 2106 diuercre,
669 2056 752 2112 quae,
765 2039 919 2112 profligato
932 2039 1020 2107 bello,
1034 2040 1139 2101 utilius

264 2140 323 2199 ‘sit
336 2140 419 2197 vobis
433 2138 557 2206 audisse,
570 2154 656 2212 quam
671 2138 754 2194 uobis
768 2137 889 2195 dixisse.
930 2137 1056 2195 Terram
1069 2156 1138 2199 vsa·

264 2245 364 2303 ‘trauu
377 2244 596 2311 ceterorumque
624 2237 786 2301 Gallorum,
800 2235 925 2309 ingressi
945 2240 1013 2297 suut
1033 2237 1138 2295 Duces

264 2338 533 2411 ‘Imperatoresque
556 2335 692 2401 Romani,
706 2336 786 2391 nulla
805 2333 955 2407 cupidine,
975 2335 1027 2390 sed
1047 2336 1140 2392 maio·

265 2433 362 2495 ‘ribus
377 2434 482 2495 vestris
495 2433 712 2498 invocantibus,
726 2449 796 2506 quus
809 2432 973 2495 discordiae
987 2450 1079 2507 usque
1099 2435 1138 2492 ad

264 2533 407 2591 ‘exitium
428 2521 606 2606 fatigabant(
619 2535 650 2588 et
663 2531 753 2588 acciti
767 2530 879 2588 auxilio
893 2530 1037 2589 Germani
1049 2531 1146 2599 suciis

264 2636 273 2665 ⁴
280 2629 387 2710 pariter
399 2635 486 2704 atque
495 2630 625 2687 hostibus
635 2609 1012 2701 seruitutemiuposuorsut.
1055 2630 1136 2701 Quot

201 2762 208 2775 »
263 2727 398 2802 ‘proeliis
431 2729 571 2785 adversus
605 2727 741 2785 Cimbros
776 2727 995 2801 Teutonosque.
1016 2728 1135 2802 quantis

264 2826 462 2885 ‘exercituum
475 2831 637 2883 uestrorum
652 2826 805 2897 laboribus,
818 2842 914 2898 quove
934 2831 1047 2883 eventu
1063 2827 1137 2884 Ger·

265 2926 399 2984 ‘mauicu
427 2927 504 2983 betta
538 2925 770 2990 tractaverimus,
802 2924 874 2983 satir
901 2926 1023 2981 clarum.
1066 2926 1136 2984 Nec

264 3026 352 3087 ‘ideo
366 3026 501 3083 Rhenum
516 3023 685 3088 insedimus,
698 3029 731 3079 ut
755 3022 871 3080 ltaliam
896 3027 1061 3093 tueremur3
1082 3025 1136 3081 sed
1180 3022 1184 3028 ’

267 3124 386 3200 ‘nequis
406 3124 480 3182 alius
503 3123 672 3181 Ariovistus
686 3122 791 3194 Regno
806 3120 968 3179 Galliarum
982 3121 1135 3192 potiretur.

265 3232 273 3257 ‘
288 3226 337 3282 Au
352 3241 404 3280 uos
418 3224 543 3280 cariores
557 3219 651 3280 civili
675 3218 855 3294 Batavisque
876 3224 907 3277 et
931 3219 1137 3281 Truusrbeua-

266 3323 331 3379 ‘nis
345 3322 479 3396 gentibus
493 3319 621 3385 credilis,
634 3336 720 3392 quam
748 3318 902 3377 maioribus
923 3335 1023 3375 eorum
1039 3327 1139 3392 patres

265 3421 388 3494 ‘avique
403 3419 492 3477 vestri
505 3415 640 3476 luerunt?
654 3418 765 3474 Eadem
777 3433 890 3489 semper
898 3433 1001 3473 caussa
1012 3416 1137 3479 Germa·

264 3526 272 3550 ⁸
284 3518 329 3573 nis
343 3517 569 3574 transcendendi
580 3516 611 3575 iu
623 3517 746 3584 Gallias,
758 3515 849 3573 libido
863 3518 949 3593 utque
969 3516 1100 3574 avaritia
1109 3521 1138 3576 et
