2509 4292
108 356 142 401 s.
157 343 186 400 d.
202 355 238 401 rs.
320 349 390 398 ars.
418 346 464 398 tv.
515 349 593 396 cnr.
619 325 788 396 26.-28.
897 328 972 396 att

111 516 169 564 uos
195 521 296 561 amnes
323 520 435 578 quoque
462 508 492 560 et
520 510 621 561 vetera
653 501 772 576 Imperii
798 501 978 559 munimenta

108 605 289 662 desererent.
309 605 384 676 quod
399 603 429 660 io
444 601 598 680 pansopius,
612 618 663 658 seu
676 600 792 685 naurs}
807 582 979 676 tunosotsrn

110 707 144 758 et
156 699 205 757 ἱνα
216 699 283 763 Dei,
296 703 461 758 vocabatur.
504 692 646 773 ingressis
669 698 831 755 Novesium
845 698 979 754 tertiade-

111 800 191 858 airna
207 802 284 873 tegio
297 799 490 874 coniungitur.
535 799 661 856 Additus
674 797 809 854 Voculae
822 796 853 853 in
869 804 978 868 partem

111 914 244 957 surarum
269 898 433 955 Herennius
458 898 570 959 Gutios.
594 898 740 972 Legatos:
770 912 825 952 nen
852 896 915 952 ausi
942 893 979 950 ad

114 996 230 1054 hostem
246 1014 373 1068 pergere,
388 998 464 1063 tono,
476 996 525 1053 oui
539 996 674 1052 Gelduba
697 1012 802 1051 nomen
817 1001 871 1059 est,
885 1000 980 1048 castus

109 1095 218 1155 iecore.
261 1096 306 1152 tbi
318 1096 455 1151 struenda
469 1095 543 1158 nois,
557 1095 715 1150 muniendo
735 1093 929 1166 vallandoque
949 1094 979 1147 et

111 1195 222 1250 ueteris
246 1195 315 1250 betti
338 1191 554 1251 meditamentis
578 1191 700 1249 mititem
724 1191 884 1249 firmabant·
925 1189 980 1247 vt-

111 1309 169 1367 que
185 1293 291 1364 praeda
315 1293 352 1349 ad
378 1291 514 1349 virtutem
540 1292 756 1357 adpenderetur,
780 1290 810 1346 in
834 1289 981 1361 proximos

112 1390 319 1463 (iugernorum
342 1407 442 1463 pagos,
461 1390 510 1463 qui
534 1370 707 1447 societatem
730 1389 838 1446 Civilis
859 1406 981 1461 accepte·

110 1495 186 1571 rant,
214 1489 355 1545 duntma
384 1488 502 1545 Voouta
528 1488 686 1545 exereitus.
727 1468 811 1562 'Pars
830 1505 898 1544 earn
920 1489 979 1567 Be·

113 1586 218 1645 reuuio
246 1586 335 1644 Gallo
356 1585 529 1658 permansit
573 1586 799 1649 Forteoavern,
819 1586 893 1641 haud
915 1604 977 1658 pro
989 1585 1030 1647 2?

112 1687 161 1741 out
189 1684 302 1749 eastris,
323 1685 466 1742 frumento
492 1701 622 1758 gravem,
650 1700 716 1755 cum
738 1684 884 1755 pervade
912 1684 979 1739 hae-

109 1783 207 1849 aisset‚
223 1783 366 1841 Germani
379 1784 410 1840 io
431 1801 511 1841 suam
527 1783 617 1856 ripam
643 1782 805 1838 trahebant.
847 1783 915 1838 Non
938 1788 979 1839 tu·

109 1882 147 1939 lit
169 1882 283 1947 Gallus,
303 1883 438 1956 misitque
458 1883 588 1938 subsidio
607 1883 767 1938 eohortem.
816 1883 928 1939 Auotus
948 1885 979 1938 et

111 1979 324 2041 Germanorum
356 1998 498 2044 numerus,
520 1983 726 2055 paullatimque
753 1981 978 2053 adgregantibus

113 2093 147 2135 se
180 2078 307 2145 ¹tunitiis,
338 2079 402 2134 anie
421 2068 575 2136 certatum.
616 2078 758 2135 Germani
793 2081 883 2134 rnutta
910 2094 977 2134 oum

109 2180 207 2248 strage
228 2182 388 2232 nostrorum
402 2191 508 2232 navem
523 2174 678 2246 abripiunt.
719 2173 803 2230 Victi
816 2171 905 2248 (quod
917 2184 978 2231 tum

111 2273 145 2332 in
166 2290 275 2339 morem
300 2271 439 2350 verterat)
463 2291 521 2331 non
543 2290 624 2330 suam
646 2272 805 2346 ignaviam,
825 2274 875 2328 sed
897 2275 977 2346 perti·

109 2372 190 2430 diam
204 2372 310 2446 Legati
324 2375 490 2445 ouipabant.
531 2372 712 2428 Protractorn
732 2390 749 2427 e
764 2373 977 2447 tentori02snis·

111 2487 144 2528 sa
174 2476 268 2538 veste,
295 2473 447 2528 verberato
473 2488 603 2542 corpore,
630 2476 708 2543 ‘quo
740 2471 842 2543 pretio,
875 2472 977 2544 quihus

111 2569 269 2637 ‘oouaaiia
302 2569 476 2641 prodidisset
516 2567 696 2632 exereitum?
728 2568 826 2626 dicere
866 2571 975 2627 iubent.

111 2667 203 2725 Redit
216 2666 248 2727 iu
263 2666 460 2725 Hordeonium
475 2667 597 2723 invidia.
638 2668 724 2725 litum
738 2674 902 2727 ‘saniorem
915 2688 977 2728 sao·

110 2763 219 2831 ‘ieris'
234 2766 311 2825 buno
324 2772 333 2798 ⁴
344 2761 516 2821 ministrum'
531 2770 656 2835 voeaut;
675 2768 781 2833 donee,
791 2768 914 2828 exitium
927 2770 978 2828 rni-

108 2863 269 2923 uitantibus
293 2864 458 2929 exterritus,
482 2864 675 2936 proditionem
703 2867 816 2939 etipse
847 2868 977 2926 Hordeo·

110 2961 163 3019 nio
186 2962 315 3021 obieoit:
345 2963 528 3037 vinctusque,
550 2967 679 3023 adventu
704 2965 819 3022 demum
842 2965 976 3023 Voculae

109 3061 281 3118 exsolvitur.
323 3060 353 3118 Is
368 3069 482 3134 postera
496 3061 544 3118 die
557 3067 690 3120 auctores
709 3061 862 3118 seditionis
883 3067 976 3120 morte

84 3154 88 3158 ’
110 3158 229 3221 adiecit.
271 3158 372 3217 'l'anta
386 3158 430 3216 itii
444 3159 586 3217 exercitui
599 3159 755 3216 diuersitas
779 3159 872 3215 inerat
886 3161 976 3218 liceo·

108 3257 168 3314 tiae
183 3256 407 3331 patientiaeque.
451 3258 536 3315 Haud
550 3257 637 3315 dubie
664 3257 811 3331 gregarios
824 3257 908 3315 mites
921 3259 975 3316 Vi·

108 3355 192 3413 tellio
202 3354 292 3411 titius:
314 3355 568 3435 splendidissimus
580 3354 700 3430 quisque
713 3355 745 3412 io
760 3355 975 3427 Vespasianum

107 3452 204 3531 proni.
224 3451 293 3508 inde
307 3455 451 3513 meierum
464 3470 500 3511 so
514 3454 722 3527 suppliciorum
736 3453 827 3520 vises,
851 3460 883 3511 et
902 3455 978 3512 mix·

107 3553 157 3607 tus
179 3550 330 3623 obsequio.
344 3550 438 3608 toros:
464 3556 498 3608 ut
523 3551 668 3611 contineri
694 3569 754 3610 oon
780 3558 908 3625 possent,
926 3553 976 3629 qui

105 3645 203 3721 puniri
216 3651 359 3722 poterant.
400 3651 443 3709 At
464 3648 594 3709 civilem
607 3650 758 3720 immensis
771 3651 904 3712 sontibus
914 3655 976 3713 uni·
985 3659 1027 3718 28
