2509 4292
100 327 131 407 a.
147 357 174 407 c.
190 360 229 407 ru.
327 356 397 406 ars.
424 358 461 407 rr.
510 350 588 406 cir.
615 341 783 410 32.—34.
899 344 972 410 217

98 513 294 569 certandum:
314 510 400 569 irater
413 511 476 569 eius
491 512 641 583 Titianus,
655 520 685 571 et
699 515 867 574 Praefectus
888 517 974 575 Prae·

99 612 171 669 terii
196 612 345 676 Proculus,
369 612 505 685 inperitia
533 619 731 687 properantes,
751 615 930 673 ‘Fortunam
943 621 975 674 et

101 711 204 767 ‘Deos
231 717 262 766 et
286 711 401 767 Numen
426 710 552 768 Othonis
579 713 682 769 adesse
708 712 850 779 consiliis,
878 715 975 771 artiora

104 805 296 874 ‘conatibus'
317 811 504 866 testabantur.
535 827 591 867 ueu
615 813 679 885 quis
703 800 823 868 obviam
844 812 887 868 ire
911 830 977 870 sen·

105 908 217 966 tentiae
231 910 360 974 auderet,
381 909 412 964 br
427 909 622 966 adulationem
637 917 853 967 concesserant.
895 911 977 968 Post·

103 1024 191 1083 quam
207 1006 329 1081 pugnari
344 1007 491 1078 placitum,
516 1007 675 1065 ‘iuteresse
690 1026 803 1082 pugnae
818 1010 977 1081 Imperato-

103 1110 195 1169 ιιιειιι,
222 1123 261 1161 an
289 1104 391 1175 seponi
418 1104 522 1162 melius
549 1105 642 1174 loret‚’
669 1109 849 1166 dubitavere.
893 1110 978 1168 l’aul·

105 1203 169 1262 lino
183 1209 215 1260 et
230 1202 320 1260 Celso
334 1203 392 1259 iam
407 1220 465 1260 aon
488 1205 718 1271 adversantibus,
746 1225 783 1264 ue
808 1208 976 1280 Principem

100 1303 255 1360 obiectare
279 1301 416 1372 periculis
442 1302 618 1371 viderentur,
643 1305 731 1361 iidem
756 1306 800 1363 illi
824 1308 976 1365 deterioris

101 1399 223 1459 consilii
247 1407 381 1456 auctores
393 1404 551 1472 perpulere,
575 1409 623 1459 ‘ut
645 1404 806 1461 Brixellum
819 1408 976 1464 concede·

104 1503 181 1565 ‘ret,
195 1515 239 1563 ac,
258 1499 354 1555 dubiis
375 1500 546 1583 proeliorum
561 1508 723 1571 exemptus,
737 1521 865 1561 summae
882 1522 975 1564 rerum

104 1602 157 1654 ‘et
185 1597 304 1669 lmperii
329 1615 363 1654 se
389 1598 482 1670 ipsum
505 1598 687 1656 reservaret?
726 1602 756 1658 ls
782 1604 887 1674 primur
911 1607 975 1662 dies

104 1696 293 1756 Othonianas
307 1704 402 1770 partes
416 1698 540 1755 addixit.
556 1703 679 1774 namque
692 1706 722 1757 et
736 1718 802 1759 cum
813 1702 877 1773 ipso
891 1704 975 1761 Prae·

104 1798 244 1854 toriarum
257 1796 419 1853 cohortium
439 1802 470 1852 et
493 1800 704 1869 speculatorum
718 1802 901 1877 equitumque
927 1819 977 1859 sa·

48 1916 52 1923 ·
105 1895 169 1952 lida
181 1910 284 1951 manus
298 1894 442 1960 discessit,
456 1901 485 1951 et
501 1899 711 1955 remanentium
725 1899 831 1957 tractus
845 1901 975 1956 animos:

106 1995 223 2070 quando
236 1993 364 2065 suspecti
390 1995 498 2059 Duces,
525 2002 554 2051 et
568 2000 600 2051 ut
626 1997 737 2053 Othoni
751 1998 801 2053 uui
828 2000 902 2067 apud
926 1996 978 2053 mi·

106 2093 189 2150 litem
204 2093 284 2156 fides,
304 2094 372 2149 dum
400 2098 430 2149 et
458 2093 520 2165 ipse
548 2111 607 2150 uon
632 2095 690 2151 nisi
712 2095 852 2152 militibus
875 2096 977 2164 credit,

108 2192 233 2263 imperia
248 2192 363 2248 Ducum
377 2190 409 2248 in
431 2191 544 2249 incerto
565 2192 728 2265 reliquerat.
770 2194 852 2250 Nihil
878 2212 977 2253 eorum

18 2355 19 2358 Ἴ
108 2290 292 2347 Vitellianos
325 2288 455 2356 fallebat,
492 2289 610 2356 crebris,
645 2296 675 2347 ut
694 2292 739 2348 'in
772 2292 856 2349 civili
890 2293 1029 2370 bello,32

105 2388 290 2461 transfugiis:
311 2398 341 2444 et
363 2391 571 2461 exploratores,
594 2407 664 2447 cura
685 2389 802 2446 diversa
826 2392 976 2450 sciscitan-

105 2488 146 2554 di,
175 2503 227 2542 saa
258 2504 316 2543 uon
344 2488 541 2544 occultabant.
583 2488 684 2561 Quieti
711 2489 874 2564 intentique
903 2492 976 2550 θηο-
1053 2540 1059 2543 ,

105 2587 174 2644 cina
199 2601 236 2641 ac
260 2585 384 2650 Valens,
407 2587 523 2659 quando
549 2587 640 2644 bostis
664 2587 849 2660 inprudentia
872 2598 976 2661 rueret,

104 2685 183 2757 quod
208 2685 274 2741 loco
296 2683 460 2757 sapientiae
487 2690 542 2749 est,
565 2685 691 2745 alienum
713 2688 865 2747 stultitiam
888 2708 976 2766 oppe-

18 2799 20 2876 j
103 2784 265 2849 riebautur,
289 2781 430 2839 inchoato
455 2790 542 2856 ponte
565 2786 718 2844 transitum
745 2788 815 2845 Padi
840 2790 976 2850 simulan-

18 2879 20 2948 ξ
105 2887 159 2949 les,
174 2882 315 2938 adversus
338 2882 500 2955 oppositam
522 2885 712 2957 gladiatorum
740 2905 865 2956 manum,
886 2908 976 2948 acne

18 2971 20 2998 i
104 2979 234 3052 ipsorum
260 2979 343 3037 mites
371 2999 462 3055 segue
490 2983 580 3040 otium
605 2990 720 3042 tereret.
775 2988 886 3051 Nares,
914 2987 976 3059 pari

17 3072 23 3078 ’
104 3078 348 3151 intersespatio‚
376 3079 482 3137 validis
506 3081 648 3155 utrimque
663 3083 788 3140 trabibus
812 3102 976 3154 connexae,

18 3167 20 3260 Ι
104 3174 263 3236 adversum
278 3178 309 3235 in
323 3178 430 3237 dumea
454 3178 660 3254 dirigebantur,
683 3180 769 3238 iactis
783 3199 868 3255 super
891 3199 976 3240 auco·

106 3388 110 3395 ,
137 3352 602 3414 lamemoDurumiur'aaartrratiqusaot]
619 3353 739 3405 dilacerat,
755 3352 977 3414 utimperiallncuur

110 3410 155 3457 siue
173 3412 194 3457 vi
213 3418 296 3469 essent,
310 3413 400 3473 quaudo
420 3412 502 3458 milites
519 3412 544 3458 iis
563 3426 608 3458 non
626 3411 686 3475 satir
700 3413 800 3469 fiderent,
815 3414 917 3479 adqoque
936 3430 977 3463 nee

111 3477 197 3529 promte
208 3477 321 3531 parerent.
352 3469 413 3518 Era.
481 3479 484 3483 '
1013 3480 1018 3487 ⁴

139 3548 202 3616 Cura
216 3550 306 3597 diuersa
324 3549 459 3610 sciscitandi]
492 3550 550 3596 Dour
566 3551 667 3612 quisque,
685 3549 821 3599 iubentium
838 3551 939 3612 pultibus
952 3558 976 3602 et

19 3645 20 3682 q
112 3613 186 3652 rastris
197 3608 250 3669 quid
261 3617 374 3669 ageretur,
384 3609 502 3670 explorare
512 3615 607 3656 burana
639 3608 699 3657 Em.

147 3707 216 3748 vor..
238 3708 275 3748 rr.
547 3694 583 3748 rs
