2509 4292
298 324 368 407 160
585 342 836 395 nrssonumvsr
1015 349 1157 400 nvom.

293 514 353 558 sem
374 514 477 559 serere
499 500 667 573 integreque
693 501 779 557 rexit.
800 516 868 557 mox
891 499 1009 559 Galbae
1029 501 1158 559 amicitis

293 599 323 656 iu
349 601 499 673 abruptum
534 605 649 665 tractus,
670 599 776 665 audax,
798 600 931 665 callidus,
956 608 1095 672 promtus,
1119 605 1155 669 et,

294 704 376 770 prout
390 699 517 755 animum
531 697 711 763 intendisset,
732 713 837 769 pravus
860 703 910 754 aut
931 698 1102 764 industrius,
1114 715 1156 754 ea·

292 796 359 853 dem
375 796 414 853 si.
456 796 678 852 Testamentum
692 793 733 851 Τ.
747 795 842 861 Vinii,
853 796 1055 869 magnitudine
1065 813 1156 869 opum,
1197 868 1201 879 ·

293 892 420 950 inritum.
467 892 580 949 Pisonis
603 908 771 965 supremam
798 895 976 951 voluntatem
1007 899 1156 966 paupertas

240 992 427 1059 49iirmasit.
468 991 582 1048 Galbae
596 1008 700 1063 eorpus
723 992 773 1049 diu
797 995 962 1065 neglectum
983 998 1017 1049 et
1039 991 1155 1050 iioentis

293 1094 472 1148 tenebrarum
497 1089 626 1160 piurimis
653 1088 783 1146 ludibriis
803 1096 955 1154 vexatum,
975 1091 1156 1163 dispeusator

293 1190 441 1261 Argium
466 1188 606 1258 prioribus
626 1168 729 1254 servis,
754 1184 856 1246 humidi
875 1190 1024 1261 sepuitura
1047 1190 1078 1246 in
1105 1188 1154 1261 pri·

292 1286 367 1342 ratis
388 1287 450 1342 eius
471 1287 561 1344 bortis
585 1288 729 1344 contexit.
771 1287 876 1359 Caput,
905 1305 956 1359 per
981 1287 1061 1345 lixas
1084 1289 1154 1343 esto·

291 1401 398 1458 pesque
420 1385 552 1443 suffixum
575 1388 798 1459 laceratumque,
825 1393 894 1442 ante
918 1384 1052 1443 Patrobii
1071 1391 1154 1442 tumu-

291 1485 349 1540 lum
369 1480 549 1557 (tibertusis
576 1485 712 1551 Neronis,
738 1484 854 1556 punitus
881 1501 898 1539 a
925 1483 1026 1542 Galba
1053 1478 1154 1558 iuerat)

194 1586 197 1591 “
291 1586 404 1656 postera
431 1583 548 1639 demum
571 1583 619 1639 die
646 1588 789 1655 repertum
810 1589 840 1639 et
864 1588 996 1640 cremato
1019 1583 1078 1639 iam
1095 1597 1153 1640 eor·

291 1678 354 1753 pori
368 1678 529 1737 admixtum
542 1687 596 1738 est.
638 1681 725 1738 Hono
739 1680 850 1737 exitum
861 1680 961 1737 babuit
974 1682 1038 1738 Ser.
1053 1680 1151 1744 Gaiba,

291 1777 380 1834 tribus
394 1783 424 1834 et
437 1770 620 1852 septuaginta
634 1779 856 1853 nobisquinque
876 1779 1032 1852 Principes
1044 1793 1152 1850 prospe·
1217 1844 1218 1847 Ἴ

292 1886 323 1934 η
335 1876 449 1933 t'ortuna
469 1894 613 1943 emensus,
626 1882 658 1934 et
681 1877 778 1934 alieno
792 1876 919 1950 Imperio
932 1877 1056 1945 feticius,
1070 1889 1148 1949 quarn
1217 1868 1218 1871 ’

292 1972 351 2033 suo.
405 1976 500 2032 Vetus
533 1978 564 2033 iu
594 1974 704 2033 iamiiia
736 1974 882 2041 nobilitas,
912 1992 1038 2050 magnae
1064 1990 1149 2047 opes:

292 2073 348 2148 ipsi
382 2075 508 2133 medium
541 2074 701 2150 ingenium,
729 2074 822 2147 magis
844 2079 928 2131 extra
954 2074 1039 2141 vitia,
1070 2089 1148 2147 quam

293 2188 359 2229 oum
387 2173 550 2230 virtutibus.
591 2175 703 2231 Famae
730 2190 785 2230 neo
812 2173 982 2241 inouriosue
1011 2190 1066 2231 nee
1086 2187 1147 2225 ven·

292 2269 406 2327 ditator.
446 2272 594 2329 Pecuniae
607 2274 722 2329 atienae
746 2288 804 2328 uon
829 2273 978 2343 adpetens,
1001 2288 1068 2329 suae
1092 2284 1147 2340 prr·
1216 2316 1217 2341 ᾗ

292 2385 353 2431 eus,
387 2369 521 2441 pubtioae
548 2384 659 2426 avarus.
721 2370 889 2427 Amicorum
923 2370 1145 2439 libertorumque,

292 2465 340 2522 ubi
355 2467 385 2522 in
402 2469 491 2524 bonos
510 2467 670 2535 incidisset,
691 2468 754 2525 sine
775 2466 1001 2541 reprehensione
1023 2467 1142 2542 patirum
1216 2454 1217 2473 i

231 2578 233 2581 ·
291 2563 514 2634 similitunem,
530 2582 620 2640 usque
639 2567 676 2623 ad
700 2570 815 2639 cuipam
843 2567 967 2642 ignarus.
1011 2566 1068 2624 Sed
1092 2564 1143 2619 era·

291 2660 360 2718 ritas
375 2662 513 2718 natalium
528 2670 557 2719 et
579 2669 672 2720 metus
694 2669 853 2738 temporum
872 2666 1015 2733 obtentui,
1027 2669 1063 2731 ut,
1076 2657 1143 2735 quod

224 2784 226 2789 ·
291 2758 415 2830 segnitie
442 2766 512 2826 erat,
545 2750 689 2832 sapientis
722 2768 882 2820 vocaretur.
931 2764 1011 2821 Dum
1034 2758 1141 2832 vigebat

291 2863 381 2923 aetas,
395 2858 513 2915 militari
535 2860 619 2916 laude
643 2862 719 2933 apud
747 2861 920 2919 Germanias
944 2861 1043 2919 floruit.
1079 2854 1139 2911 Pto·
1215 2860 1216 2909 i

292 2957 568 3016 oonsule‘Airioam
595 2960 760 3016 moderate:
782 2960 839 3017 iam
861 2960 966 3028 senior,
990 2955 1139 3017 citeriorem

293 3058 464 3130 Hispaniam
478 3058 540 3131 pari
564 3057 674 3114 iustitia
688 3058 850 3115 continuit:
871 3059 963 3116 maior
983 3059 1091 3131 privato
1103 3048 1139 3106 vi·

291 3158 428 3221 medum
453 3158 581 3228 privatus
594 3156 658 3222 tuit,
683 3163 713 3213 et
739 3157 868 3214 omnium
891 3172 1033 3215 consensu
1056 3163 1140 3224 capax

292 3257 419 3330 imperii,
434 3255 490 3313 nisi
503 3257 682 3328 imperasset.
1214 3248 1215 3255 '

319 3430 464 3487 mmmm
474 3431 569 3490 Argiae]
601 3430 643 3478 Dis
711 3434 748 3477 tor
757 3429 872 3476 dicebatur
886 3421 1138 3490 manendumne

289 3487 437 3590 wodenio,
456 3486 478 3535 id
500 3488 534 3537 esi
553 3491 633 3537 creden
650 3490 668 3537 is
692 3494 716 3537 et
740 3488 851 3549 exigendis
869 3487 975 3550 pecuniis,
994 3479 1137 3551 praeponebat.
