2509 4292
308 350 378 422 118
628 370 813 421 aunacrvn
1024 370 1099 418 nv.
1116 372 1178 421 uae.

305 526 411 585 Somni
430 527 593 595 adcusator,
614 527 783 603 ingreditur,
812 524 978 599 orditurque
1001 526 1058 582 ‘de
1071 526 1179 584 smmi·

305 626 366 684 ‘tis
388 627 517 685 Rubellii
540 628 648 694 Plauti,
661 627 792 701 quodque
817 625 1058 682 Proconsulatum
1081 624 1177 682 Asiae

306 727 463 791 ‘Sounoua
477 744 528 801 pro
552 722 698 792 claritate,
721 726 776 782 sibi
791 724 886 796 potine
909 725 1176 790 adcommodatum,

305 831 409 900 ‘quem
434 843 474 882 ex
503 825 631 883 utilitate
650 825 806 890 communi,
823 823 943 897 egisset,
964 824 1071 880 alendo
1098 823 1177 880 sedi-

306 925 417 981 ‘tiones
449 921 622 981 civitatum’
662 923 775 980 Vetera
807 923 892 980 haec.
926 924 978 979 sed
1013 940 1119 979 recens
1145 927 1177 978 et

306 1023 380 1096 quod
410 1020 572 1078 discrimini
613 1021 704 1094 putris
737 1021 826 1078 lilium
860 1023 1065 1084 connectebat,
1100 1017 1180 1095 quod

301 1116 447 1196 pecaniam
476 1115 577 1193 Magis
608 1117 748 1192 dilargita
776 1125 854 1175 esan.
888 1112 1068 1176 'Acciderat
1097 1135 1176 1175 sane

305 1216 414 1289 pietate
447 1216 610 1274 Serviliae:
645 1216 675 1274 id
708 1217 787 1274 enim
822 1234 928 1274 nomen
957 1217 1071 1288 puellae
1101 1215 1177 1273 luit:

304 1331 388 1388 quae,
417 1315 540 1372 caritate
572 1332 642 1390 erge
667 1323 825 1387 parentem,
858 1316 943 1371 simul
976 1313 1179 1386 imprudentia

304 1411 418 1473 aetatis,
439 1430 497 1470 non
528 1419 626 1472 tumen
657 1413 735 1470 aliud
762 1417 987 1479 consultaverat,
1018 1430 1107 1486 quam
1138 1414 1177 1468 de

304 1509 524 1569 ‘incolumitate
554 1513 665 1577 domus,
693 1518 724 1567 et
754 1529 793 1568 an
826 1511 977 1583 placabilis
1009 1490 1100 1577 Nero,
1138 1527 1177 1569 au

304 1608 453 1689 ‘cognitio
480 1610 605 1666 Senatus
629 1609 701 1666 nihil
723 1615 807 1666 atrox
827 1600 985 1666 adferret.'³
1010 1609 1105 1682 lgitur
1127 1626 1178 1667 ac·

304 1704 365 1763 cits
388 1713 432 1762 est
452 1706 483 1764 in
509 1709 659 1773 Senatum,
674 1712 870 1781 steteruntque
884 1707 1012 1764 diversi:
1033 1713 1104 1765 ente
1127 1707 1178 1765 tri·

305 1804 392 1861 huual
414 1804 583 1871 Consulum,
602 1805 721 1878 mundis
742 1822 818 1861 aevo
834 1823 955 1879 parens3
976 1812 1079 1863 contra
1102 1806 1177 1871 lilia,

304 1903 381 1961 iutrn
396 1902 566 1959 vicesimum
579 1903 685 1959 aetatis
705 1920 822 1969 aunum,
836 1921 928 1975 nuper
940 1902 1054 1969 marito,
1070 1904 1177 1962 Annio

305 2001 448 2065 Pollione.
471 2001 502 2058 in
529 2001 666 2058 exsilium
697 2004 788 2072 pulso,
817 2001 934 2058 viduata
961 2001 1174 2076 desolataque}
1236 2036 1237 2061 r

305 2116 341 2156 ao
353 2117 390 2155 ne
402 2106 510 2171 patrem
524 2098 639 2173 quidem
659 2098 782 2168 intuens,
796 2100 877 2156 cuius
892 2115 1027 2156 onerasse
1041 2100 1176 2172 pericula
1236 2064 1237 2119 ¹

253 2197 291 2256 31
306 2197 467 2256 videbatur.
508 2198 587 2255 Tum
607 2197 803 2269 interrogante
823 2198 1002 2263 adcusstore,
1030 2202 1088 2253 ‘nu
1111 2200 1175 2255 cul·

305 2300 371 2353 ‘tus
394 2297 507 2353 dotales
530 2312 568 2352 au
593 2296 756 2351 detractum
779 2295 893 2352 cervici
920 2295 1029 2352 monile
1059 2312 1173 2352 venum
1235 2338 1236 2343 η

304 2393 458 2458 ‘dedisset
485 2410 542 2466 quo
568 2392 722 2464 pecudium
745 2392 886 2449 iaciendis
918 2393 1045 2466 Magicis
1079 2393 1173 2449 sacris

304 2492 506 2547 ‘contraheret
517 2487 538 2547 i'
551 2491 673 2561 primum
687 2497 776 2547 strata
790 2491 879 2560 humi,
901 2493 1042 2563 longoque
1057 2490 1127 2547 fletu
1141 2493 1173 2546 et

303 2587 429 2651 silentio,
444 2593 518 2658 post,
539 2588 641 2643 alteria
655 2594 685 2644 ct
699 2606 777 2645 arum
791 2591 955 2660 complexa,
975 2585 1108 2653 ‘nullon’
1127 2588 1173 2644 iu·

303 2683 364 2759 quit
384 2684 499 2755 ‘inpios
520 2684 611 2752 Deos,
633 2688 728 2742 nullas
747 2686 929 2751 devotiones,
948 2703 1004 2743 nec
1025 2684 1105 2741 aliud
1126 2685 1171 2741 in·

304 2782 454 2840 ‘felicibus
475 2784 608 2856 precibus
636 2784 787 2852 invocavi,
816 2802 901 2858 quam
922 2790 953 2841 ut
986 2785 1064 2840 hunc
1092 2784 1168 2856 opti·

303 2889 404 2940 ‘mum
425 2890 534 2956 petrem
555 2888 595 2948 tu,
616 2882 735 2949 Caesar,
764 2887 794 2937 et
823 2885 884 2950 vos',
905 2883 1015 2950 Patres,
1035 2899 1166 2938 servare·

302 2981 360 3039 ‘tis
380 2982 563 3040 incolumem.
606 2979 658 3037 Sic
678 2997 806 3054 gemmas
826 2985 856 3037 et
878 2986 974 3037 vestes
991 2985 1022 3036 et
1041 2979 1168 3054 dignitu-

303 3082 359 3140 ‘lis
379 3080 504 3156 iusignia
534 3081 612 3147 dedi,
641 3081 793 3154 quomodo,
825 3080 851 3136 si
883 3081 1054 3154 sanguinem
1076 3088 1106 3138 et
1127 3082 1169 3138 vi·
1233 3082 1234 3157 f

302 3178 381 3238 ‘lum
415 3178 623 3253 poposcissent.
653 3178 815 3249 vViderint
841 3178 900 3246 isti,
931 3179 1056 3235 antehac
1098 3177 1169 3236 milri

303 3279 422 3353 ‘ignoti
450 3294 507 3351 quo
534 3277 653 3334 nomine
681 3275 748 3345 sint,
778 3293 848 3350 quus
882 3282 958 3333 artes
987 3283 1167 3335 exerceant:

301 3378 399 3434 ‘nulla
418 3374 491 3432 milri
523 3374 669 3446 Principis
689 3373 816 3439 mentio,
830 3374 887 3432 uisi
920 3374 998 3432 inter
1031 3374 1175 3433 Numine

302 3473 385 3530 ‘luit
426 3472 532 3530 Nescit
565 3479 663 3531 tamen
683 3472 857 3530 miserrimus
889 3478 992 3547 pater:
1013 3478 1044 3529 et
1065 3473 1092 3529 si
1113 3473 1167 3530 cri·

250 3574 390 3643 armen
421 3575 475 3639 est,
494 3573 557 3630 sola
589 3569 719 3647 deliqui'
759 3571 919 3651 Loquentis
952 3570 1049 3631 adbuc
1079 3572 1170 3633 verbs
