2509 4292
253 364 301 431 82
573 376 761 425 ansanum
976 380 1007 426 a.
1020 377 1053 425 v.
1069 378 1126 425 ers.

252 532 367 593 mulieri
379 531 450 590 olim
473 530 616 605 cognitus,
628 548 681 587 sen
695 546 798 587 reeens
811 533 876 586 orta
899 528 1040 595 amicitia,
1054 530 1130 586 dnm

252 630 353 690 merite
372 648 444 706 erga
456 630 599 687 Neronem
611 646 675 694 suu,
697 634 723 685 et
744 645 829 704 quom
841 627 873 684 in
886 625 1137 684 tarnuanense:

253 737 323 797 seret,
335 731 439 803 sperit,
467 729 624 802 adiicitqne
645 736 763 800 questus
790 735 820 783 et
840 725 1050 783 destinationem
1070 724 1136 780 oin-⁴

246 818 352 894 ὅσω,
364 827 391 885 si
399 825 530 906 faeritas
551 831 683 891 oriretur,
703 843 785 898 spem
807 826 898 890 dedit,
922 842 1006 897 posse
1020 823 1129 897 inpelli

254 934 285 985 et
312 929 406 1000 plures
427 926 595 981 conciliare.
624 942 680 981 nec
702 927 769 981 leve
794 925 936 980 auritium
963 925 996 979 in
1019 925 1129 989 classe,

254 1027 369 1083 crebras
383 1024 571 1091 occasionem
591 1023 659 1095 quia
675 1025 700 1078 N
705 1040 755 1080 ero
779 1024 871 1079 multo
885 1023 960 1093 epntl
987 1021 1128 1077 Puteolos

254 1129 287 1181 et
301 1123 446 1180 Misenum
466 1123 552 1178 maris
577 1139 629 1177 usu
654 1122 825 1177 laetabatur.
866 1120 946 1194 Ergo
969 1118 1129 1190 Epicharis
1240 1138 1241 1229 p

255 1223 352 1295 plorat
371 1227 403 1275 et
415 1221 514 1278 omnis
526 1222 639 1277 scelera
653 1219 798 1290 Principia
812 1221 945 1276 orditur:
964 1224 1079 1291 ‘neque
1094 1235 1129 1273 se
1240 1234 1241 1297 p

255 1318 394 1385 ‘iactare
408 1321 483 1393 qnod
505 1319 703 1385 inaneesse13
724 1319 880 1390 provisum,
894 1333 1018 1390 quonam
1039 1316 1132 1372 modo
1238 1302 1241 1385 4

256 1420 382 1489 ‘poenas
396 1433 517 1474 eversae
527 1416 719 1489 Reipublicae
733 1418 834 1471 daret:
855 1415 1057 1488 accingeretur
1067 1431 1129 1471 mo
1239 1410 1241 1429 ²

255 1515 439 1572 ‘donavere
459 1532 576 1589 operam
590 1522 620 1571 et
635 1513 759 1571 militum
781 1514 936 1570 acerrimos
957 1515 1065 1570 ducere
1094 1515 1126 1570 in

257 1618 379 1687 ‘parton
392 1631 428 1670 ec
440 1613 528 1687 (ligna
542 1596 634 1686 pretia
649 1610 853 1683 exspectaret!
887 1613 1015 1669 Nomina
1026 1620 1136 1697 tamen·
1241 1624 1242 1637 ¹

256 1712 470 1768 coniuratorum
484 1712 609 1768 reticuit.
651 1712 740 1768 Vnde
763 1711 879 1768 Proculi
903 1710 1044 1767 indicium
1059 1710 1129 1767 inri-

257 1813 318 1865 tum
338 1808 401 1874 init,
423 1810 555 1881 quamvis
576 1827 621 1875 ea,
642 1828 715 1883 quae
740 1810 879 1877 audierat,
903 1812 941 1865 att
976 1811 1130 1867 Neronem

257 1907 419 1964 detulisset.
463 1906 570 1963 Accila
593 1907 700 1980 quippe
724 1909 888 1978 Epicharis,
902 1916 931 1963 et
945 1925 1012 1965 cum
1027 1909 1138 1965 indice

258 2006 430 2077 composita,
443 2005 532 2061 nullis
544 2005 666 2062 testibus
680 2006 813 2063 innisum
841 2005 928 2062 tacite
952 2006 1138 2064 confutavit·

259 2104 320 2160 Seri
334 2104 396 2177 ipsa
409 2105 440 2161 in
453 2105 584 2161 custodia
598 2112 711 2161 retenta
725 2113 778 2171 est,
792 2112 977 2178 suspectante
996 2107 1127 2174 Nerone,

259 2199 336 2258 hand
355 2201 523 2266 talsa⁸esse,
545 2205 633 2260 etiam
647 2221 720 2277 quae
746 2221 816 2260 vera
840 2220 897 2261 non
923 2205 1127 2276 probabantur.

207 2288 249 2348 52
260 2298 427 2356 Coniuratis
455 2306 562 2366 tamen,
589 2310 667 2356 metu
696 2301 866 2371 proditionis
895 2302 1040 2372 permotio,
1069 2304 1137 2373 pla-¹

258 2397 349 2453 citum
365 2406 505 2453 maturare
518 2399 640 2454 caedem
665 2399 739 2469 apim
755 2399 843 2454 Baiae
866 2400 896 2454 in
907 2398 978 2454 villa
993 2398 1130 2455 Pisonis:

259 2494 342 2551 cuius
355 2494 529 2550 amoenitate
543 2503 645 2566 captus
660 2497 769 2551 Caesar
782 2500 883 2552 creber
902 2514 939 2552 eo
953 2498 1128 2565 ventitabat,

259 2589 434 2663 balneasque
447 2599 479 2646 et
492 2595 592 2663 epulae
605 2592 708 2660 inibat,
721 2596 836 2650 omissis
850 2594 983 2650 excubiis
997 2603 1028 2650 et
1041 2595 1130 2652 iortu·

259 2702 316 2744 uae
329 2703 398 2742 suae
412 2691 499 2745 mole.
528 2692 587 2746 Sed
601 2693 702 2748 abnuit
718 2692 795 2758 Piso,
810 2691 981 2749 ·inviniam’
996 2702 1131 2767 praeten-

259 2785 342 2847 dens,
355 2790 363 2816 ‘
374 2787 398 2843 ai
413 2804 494 2844 sacra
509 2805 636 2854 mensae,
660 2791 767 2864 Diique
783 2791 939 2862 hospitates
954 2794 1046 2848 caede
1060 2811 1138 2867 qua··

260 2881 438 2959 ‘lineumque
453 2887 596 2960 Principis
620 2897 848 2946 cruentarentur.
870 2892 972 2946 melius
986 2894 1062 2962 apud
1084 2909 1129 2947 nr·

260 2983 346 3038 ‘bem
367 2983 398 3040 in
427 2986 479 3042 illa
513 2986 609 3043 invise
637 2993 668 3042 et
702 2986 802 3060 spoliis
833 2989 945 3045 civium
976 2994 1129 3045 exstructa

260 3082 376 3150 ‘domo
410 3088 455 3140 vel
484 3085 514 3142 in
549 3085 666 3156 publico
693 3093 861 3159 patraturos,
888 3089 964 3161 quod
991 3106 1042 3160 pro
1071 3088 1127 3144 Re-

261 3183 396 3256 ‘publica
427 3185 642 3255 suscepissent)
703 3188 787 3243 Haec
812 3188 841 3242 in
872 3203 1045 3243 commuue:
1080 3203 1128 3244 ca·

262 3286 353 3339 terum
378 3284 481 3340 timore
504 3286 631 3351 occulto,
658 3303 694 3342 ne
722 3287 758 3343 L.
787 3287 913 3350 Silanus,
940 3286 1049 3341 eximia
1078 3304 1127 3343 no

261 3380 599 3456 bilitatetliaciplinaque
624 3384 660 3441 G.
683 3385 787 3450 Cassii,
812 3386 886 3457 apud
913 3401 997 3457 quem
1022 3384 1128 3440 etluca·

261 3482 306 3535 tus
320 3487 390 3543 erat,
405 3482 440 3535 ad
455 3498 570 3538 omnem
591 3483 793 3540 claritudinem
817 3483 954 3548 sublatus,
973 3485 1131 3553 imperium
1194 3516 1197 3523 ·

260 3575 423 3645 invaderet,
443 3588 574 3654 prompte
596 3582 706 3641 daturis
728 3598 854 3656 operam,
875 3582 925 3657 qui
951 3597 969 3638 a
995 3581 1132 3638 coniura-
