2509 4292
127 365 158 414 a
175 365 202 413 c.
218 368 258 414 aa
357 364 428 412 nm.
454 363 526 412 arr.
568 364 648 411 car.
667 342 834 412 37.-39.
951 341 1001 409 29

125 516 205 576 iussa
225 518 331 584 Ducis,
345 536 377 575 se
397 519 492 591 ipsum
514 517 614 591 gladio
635 519 786 592 transegit.
826 517 1001 576 Contractus
1011 517 1054 577 38

126 617 239 674 deinde
252 618 349 674 omnis
370 618 518 673 exercitus
541 619 595 673 sub
617 616 742 689 pellibus
764 615 944 682 babitusest,
965 616 1003 672 sd

127 717 243 789 reliqua
256 715 328 771 belli
352 715 553 787 perpetranda.
594 715 746 788 Auxitque
759 714 860 787 copias
885 713 1003 779 Caesar,

129 814 227 871 missis
254 835 272 872 e
296 812 457 870 Germania
478 813 589 869 duobus
615 811 840 886 legionariorum
867 811 1004 879 millibus,

129 918 199 969 octo
212 911 399 969 auxiliarium
412 911 581 968 cobortibus
598 927 635 967 ac
649 912 729 968 mille
752 911 916 986 equitibus:
937 927 1005 984 quo

129 1028 193 1068 rum
207 1012 340 1067 adventu
354 1007 464 1066 nonani
478 1009 640 1083 legionario
663 1010 756 1067 milite
774 1011 901 1082 suppleti
919 1016 1003 1079 sanir

129 1111 269 1167 cohortes
281 1110 404 1182 alaeque
418 1109 504 1165 novis
518 1107 715 1165 hibernaculis
733 1110 856 1174 locatae,
869 1111 1003 1184 quodque

26 1220 31 1231 “
128 1207 288 1266 nationum
307 1205 475 1280 ambiguum
493 1211 543 1263 aut
556 1208 710 1263 adversum
728 1206 830 1271 luerat,
841 1208 903 1281 igni
916 1215 1004 1283 atque

128 1307 207 1365 terro
228 1309 368 1362 vastatur.
411 1306 472 1362 Sed
487 1294 559 1362 nihil
583 1322 685 1379 aeque,
707 1323 792 1380 quam
805 1307 905 1374 lomes,
924 1308 1003 1365 addi·

130 1408 220 1479 gebat
243 1403 375 1460 serendis
396 1402 525 1477 frugibus
547 1403 718 1469 incuriosos,
741 1411 772 1461 et
798 1405 879 1463 omni
906 1413 1003 1464 aetate

129 1505 169 1560 sd
184 1505 294 1562 bellum
309 1519 403 1567 versa,
416 1502 484 1559 dum
504 1508 617 1559 nostros
637 1509 817 1560 commeatus
838 1504 894 1561 albi
917 1505 1004 1563 desti

129 1608 223 1677 nant:
245 1607 405 1675 gentesque
421 1600 611 1674 praeferoces
620 1603 780 1660 tardiussd
803 1620 906 1676 pacem
920 1603 1004 1661 inoli-

129 1707 224 1758 uant:
245 1699 313 1774 quia
328 1701 419 1757 lulius
439 1698 648 1765 classicianus,
669 1719 821 1760 successor
840 1702 917 1760 (lato
937 1701 1005 1760 mis·

131 1816 190 1863 sus,
219 1802 250 1854 et
280 1799 422 1856 Suetonio
444 1797 567 1865 discors,
586 1800 697 1856 bonum
715 1801 861 1873 publicum
881 1803 1006 1874 privatis

128 1896 330 1955 simultatibus
349 1895 528 1968 inpediebat.
548 1898 927 1973 disperseratque,‘uovum
949 1902 1005 1958 Le·

132 2002 257 2070 ‘gutum
274 1993 483 2067 opperiendum
497 1997 645 2062 essesine
660 1998 760 2054 hostili
774 1998 857 2056 irael
871 1999 1006 2071 superbis

133 2093 279 2150 ‘uictoris
297 2096 462 2151 clementer
476 2094 585 2151 deditis
605 2094 826 2152 scamnorum!
867 2095 960 2152 Simul
974 2096 1006 2155 in

132 2195 234 2250 urbem
249 2193 416 2258 mandabat,
430 2200 438 2225 ‘
450 2193 683 2266 nullumproelio
693 2193 781 2248 tinem
792 2200 1006 2265 exspectarent,

130 2291 209 2348 ‘nisi
223 2292 431 2348 succederetur
443 2291 586 2348 Suetonio
596 2289 614 2346 ι’
634 2290 717 2347 cuins
731 2291 854 2348 adversa
869 2293 1007 2365 pravitati

128 2388 243 2464 ipsius3
266 2407 400 2462 prospera
422 2375 458 2445 ad
472 2389 616 2447 munnam
640 2390 832 2463 Reipublicae
856 2391 1005 2451 referebat.

133 2488 228 2562 igitur
242 2488 280 2544 ad
293 2489 484 2559 spectandum
496 2487 667 2571 Britanniae
681 2494 788 2546 statum
799 2490 955 2549 missusest
967 2511 1004 2551 ex
1016 2501 1064 2562 39

132 2587 247 2644 libertis
270 2587 450 2660 Polycletus,
461 2604 568 2661 magna
594 2589 726 2645 Neronis
735 2606 797 2661 spe,
811 2608 894 2662 posse
908 2597 1005 2649 aucto

132 2686 221 2743 ritate
235 2684 309 2750 eius,
324 2703 381 2742 non
399 2687 485 2742 modo
508 2685 585 2743 inter
607 2687 752 2761 laegstrun
777 2688 1005 2747 Procuratorem·

134 2802 190 2859 que
217 2785 412 2842 concordiam
433 2784 525 2859 gigni,
551 2786 602 2841 sed
626 2792 657 2842 et
684 2788 810 2844 rebelles
822 2789 1005 2846 barbarorum

135 2885 250 2941 animos
272 2900 347 2955 pace
367 2884 514 2953 componi.
555 2884 622 2941 Nec
644 2883 735 2943 deluit
756 2885 934 2960 Polycletus,
948 2903 1006 2961 quo

136 2981 242 3048 miuus,
268 2981 384 3053 ingenti
409 2980 525 3054 agurius
554 2981 659 3038 ltaliae
692 2976 866 3054 Galliaeque
898 2985 1006 3056 gravis,

138 3086 289 3152 postquam
318 3079 469 3136 Oceanum
496 3079 707 3147 transmiserat,
723 3081 862 3137 militibus
881 3099 1005 3153 ‘quoque

138 3177 241 3235 nostris
257 3176 392 3233 terribilis
405 3178 563 3237 incederet.
606 3180 665 3235 Sed
681 3178 812 3235 hostibus
831 3178 933 3234 inrisui
942 3177 1005 3248 luit,

139 3277 211 3348 apud
236 3292 317 3349 quos,
345 3274 483 3347 flagrante
503 3275 591 3332 etiam
620 3283 680 3333 tum
705 3277 849 3341 libertate,
877 3277 1009 3335 nondum,

140 3375 257 3447 cognita
286 3374 457 3429 libertorum
486 3374 617 3446 potentia
644 3379 728 3429 erat:
763 3373 1012 3446 mirabanturque,

137 3473 213 3542 quod
235 3471 308 3528 Dux
329 3475 360 3526 et
382 3456 538 3538 sustollas,
562 3472 638 3527 tanti
662 3471 731 3528 belli
745 3471 904 3538 conlector,
917 3473 1010 3529 servi·

138 3568 186 3624 tiis
208 3569 370 3626 obedirent.
410 3554 528 3629 Cuncta
552 3574 651 3649 tamen
678 3571 716 3629 ad
743 3571 955 3646 Imperatorem
974 3571 1015 3631 iss
1130 3634 1135 3645 ,

179 3685 249 3726 aar„
271 3684 309 3725 ιι.
586 3663 638 3721 3*
