2509 4292
89 361 166 417 ac.
183 368 227 417 so.
326 366 397 414 ms.
414 368 466 415 111.
508 349 586 414 car.
604 345 772 417 zuo-48.
889 351 962 420 293

89 522 200 579 Dacus
215 519 433 594 Germanusque
446 520 556 578 diversi
570 522 757 595 inrupissent.
801 524 912 588 Adfuit,
930 531 964 584 ut

88 639 184 692 saepe
206 620 288 683 alias,
312 620 442 677 Fortuna
463 619 567 691 Populi
592 621 679 677 Rom.
700 618 774 695 quae
795 621 964 681 Mucianum

89 720 233 790 viresque
261 717 390 775 Orientis
419 719 489 774 iiiuc
516 719 597 775 tulit:
633 725 663 775 et
696 723 771 791 qued
801 722 963 778 Cremonae

90 817 215 874 interim
244 817 443 888 transegimus.
485 818 626 873 Fonteius
658 820 787 891 Agrippa
816 839 854 877 ex
893 822 965 878 Asin

48 919 51 928 ”
91 912 174 992 (pro-
185 915 314 971 Consule
328 931 392 971 eam
407 916 588 987 provinciam
602 935 699 973 annuo
721 917 843 989 imperio
863 924 964 975 tenue·

86 1011 153 1090 rat)
174 1014 306 1070 Moesiae
322 1015 500 1084 praepositos
514 1021 556 1070 est
572 1034 579 1069 ε
600 1015 706 1071 additis
726 1017 821 1087 copiis
835 1034 852 1071 e
867 1017 964 1073 Vitel-

88 1112 177 1169 liano
191 1112 329 1179 exercitu,
343 1130 427 1185 quem
442 1113 537 1184 spargi
552 1131 602 1184 per
611 1114 786 1184 provincias,
799 1120 829 1170 et
840 1121 965 1171 externo

91 1212 177 1267 bello
191 1211 315 1282 inligari,
330 1228 394 1280 pars
408 1211 524 1267 consilii
539 1211 675 1284 pacisque
693 1217 763 1268 erat.
807 1214 871 1268 Neo
885 1220 963 1269 cete-

93 1326 150 1365 rae
179 1308 312 1364 nationes
338 1310 474 1363 silebant.
525 1309 627 1365 Sobila
655 1327 706 1381 per
738 1311 862 1367 Pontum
884 1310 1015 1371 armant

93 1408 251 1464 barbarum
266 1407 452 1478 mancipium,
468 1407 577 1479 Regiae
591 1410 735 1480 quondam
754 1410 856 1465 classis
879 1409 963 1465 Prae-

93 1509 202 1567 t'ectus,
231 1512 368 1561 moverat.
390 1505 487 1561 isfuit
517 1505 670 1571 Anicetus,
693 1506 858 1562 Polemonis
881 1507 963 1563 liber·

94 1612 154 1666 tus,
169 1609 340 1676 praepotens
353 1603 433 1666 olim,
446 1608 486 1668 et,
501 1610 651 1676 postquam
664 1621 783 1676 regnum
797 1604 827 1661 io
844 1605 965 1661 sormam

94 1701 272 1778 provinciae
303 1710 437 1767 verterat,
472 1701 639 1757 mutationis
670 1702 825 1772 inpatiens.
872 1702 965 1774 Igitur

96 1800 219 1858 Vitellii
253 1800 380 1864 nomine,
408 1800 528 1856 adscitis
561 1802 704 1873 gentibus,
731 1817 805 1873 quae
838 1799 964 1856 Pontum

97 1902 250 1962 adsaloni,
270 1904 411 1969 conrupto
430 1898 461 1954 io
485 1915 566 1970 spem
591 1899 755 1969 rapinarum
777 1900 964 1971 egentissimo

96 2015 224 2072 qnoque,
238 1996 313 2052 hand
336 1997 511 2052 temnendae
536 2013 637 2052 manus
661 1998 773 2063 doctor,
796 1997 964 2066 Trapezun-

99 2101 169 2162 tem,
185 2099 300 2150 vetusta
314 2094 390 2150 lama
403 2093 596 2156 civitatema
623 2093 756 2158 Graecis,
779 2092 812 2148 in
834 2099 967 2148 extremo

98 2193 246 2251 Ponticae
259 2210 327 2248 orae
350 2192 628 2253 conditamsulritus
651 2189 768 2261 inrupit.
810 2190 904 2247 Caesa
925 2189 966 2247 ibi

99 2293 216 2361 cohors,
237 2290 360 2367 Regium
374 2291 517 2350 auxilium
537 2291 619 2352 olim,
639 2288 706 2345 nso's
720 2287 820 2344 donati
843 2287 969 2344 civitate

96 2385 245 2453 Romana,
258 2386 341 2460 signa
355 2405 490 2460 armaque
503 2389 533 2443 in
549 2393 676 2444 nostrum
691 2386 813 2454 modum,
825 2385 968 2449 desidium

100 2486 309 2559 licentiamque
323 2487 509 2552 Graecorum,
524 2485 697 2541 retinebant.
739 2484 836 2541 Clausi
856 2501 969 2559 quoquae

101 2585 184 2641 iaces
196 2582 303 2648 intulit,
313 2599 408 2639 vacuo
418 2584 499 2648 mari,
509 2582 712 2655 eludensquia
726 2582 906 2642 lectissimas¹
919 2583 969 2641 Li·

99 2683 295 2745 burnioarom,
309 2698 482 2756 omnemque
493 2681 616 2738 militem
625 2682 780 2738 Mucianus
791 2682 968 2755 Bpnautiun

99 2783 248 2855 adegerat.
290 2779 370 2852 Quin
384 2785 415 2837 et
430 2779 543 2835 barbari
559 2779 752 2853 contemptim
778 2783 969 2854 vagabantur,

102 2879 252 2937 lubricatis
272 2884 394 2951 repenle
417 2878 548 2944 navibus,
571 2874 716 2954 (morus
739 2875 861 2954 vocant)
880 2880 969 2935 aretis

104 2976 252 3042 lateribus,
267 2978 326 3033 lata
340 2978 417 3041 alvo,
431 2975 496 3031 sine
511 2975 634 3032 vinculo
650 2977 725 3034 aeris
749 2984 799 3032 aut
819 2975 886 3031 isrri
900 2992 969 3032 con·

104 3092 201 3132 nexa:
223 3081 253 3131 et
267 3074 378 3130 tumido
399 3073 480 3137 mari,
495 3080 577 3144 prout
601 3074 694 3130 dunos
719 3072 875 3132 adtollitur.
894 3090 968 3128 sunr-

104 3189 152 3230 ma
181 3172 302 3229 navium
326 3171 431 3227 tabulis
455 3177 573 3244 augent,
592 3172 687 3227 dooeo
708 3170 739 3225 in
761 3170 876 3225 modum
897 3168 970 3226 tenti

103 3271 283 3327 claudantur.
327 3269 378 3325 Sic
399 3269 476 3325 iuter
496 3271 587 3325 nudas
612 3270 778 3333 volvuntur,
793 3265 855 3339 pari
874 3266 970 3323 utrim-

105 3386 159 3443 que
185 3385 278 3442 prora,
304 3372 334 3423 et
361 3367 494 3423 mutabili
522 3366 651 3439 remigio,
673 3365 787 3439 quaudo
815 3364 885 3420 hinc
920 3366 970 3422 vei

103 3466 187 3524 illino
211 3468 359 3539 adpellere
380 3465 567 3522 indiscretum
589 3469 619 3521 et
638 3462 792 3520 innoxium
812 3467 867 3518 est.
909 3463 1019 3526 adua

104 3567 193 3625 vertit
216 3583 253 3623 ea
277 3582 326 3622 res
347 3564 525 3641 Vespasiani
546 3562 684 3628 animum,
707 3568 739 3620 ut
763 3561 969 3621 vexillarioss
