2509 4292
257 348 303 415 14
443 438 459 453 .
577 365 761 417 runuurvrr
979 366 1010 413 a„
1025 365 1056 413 v,
1072 366 1127 414 are

252 518 425 578 concedere.
444 520 632 594 cluuaumque
657 520 736 577 valle
756 516 909 576 Vaticana
937 516 1072 590 spadum,
1091 516 1129 575 in

253 635 312 693 quo
324 632 412 693 equor
426 623 549 692 regeret,
569 618 648 675 baud
672 615 836 689 promiacun
854 616 1034 688 spectaculo.
1054 631 1131 673 mox

224 756 228 761 -
253 718 330 775 ultro
353 715 453 773 vocari
477 715 604 788 Populua
629 715 789 782 Romauuc,
815 713 1005 787 laudibusque
1030 713 1128 769 extol·

253 817 323 882 lere,
335 819 367 871 ut
380 818 426 870 eat
440 815 543 887 vulgus
562 812 691 889 cupiens*
706 814 897 885 voluptatum,
918 817 957 877 et,
970 809 996 867 ri
1018 811 1127 867 eodem

252 912 394 985 Princeps
414 911 518 976 trabat,
537 912 656 968 laetum.
697 910 834 968 Ceterum
855 909 1009 983 evulgatur
1033 909 1128 981 pudor

252 1027 313 1069 non
326 1009 501 1075 ratietatem,
514 1012 546 1064 ut
565 1009 711 1074 rebantur,
725 1009 778 1065 red
795 1006 1019 1066 incitamentum
1043 1006 1127 1062 adtu-

252 1107 294 1164 lit
337 1108 485 1181 Ratuaque
504 1106 633 1164 dedecua
652 1105 776 1172 amoliri,
798 1104 826 1163 ri
848 1106 943 1177 plures
967 1105 1128 1171 foedasset,

251 1204 393 1262 nobilium
417 1203 590 1261 familiarum
616 1209 756 1277 porteror,
779 1209 911 1277 egestate
937 1204 1069 1270 veneten,
1091 1200 1127 1272 iq

251 1319 372 1360 ocenum
392 1301 532 1359 deduxit:
552 1318 623 1375 quoa
644 1302 705 1359 luto
729 1300 905 1374 perfunctos,
929 1317 968 1358 ne
993 1299 1127 1357 uomina·
1203 1351 1217 1375 ,

251 1401 305 1459 tim
317 1401 437 1467 tradam,
453 1399 609 1479 maioribua
635 1416 734 1457 eorum
749 1399 933 1457 tribuendum
955 1404 1032 1471 puto.
1054 1414 1126 1455 uam

250 1498 357 1557 eteius
370 1497 510 1572 flagitium
524 1501 577 1564 ert,
597 1496 647 1572 qui
668 1498 823 1570 pecuniam
836 1498 875 1554 ob
895 1496 1005 1553 delicte
1025 1495 1125 1569 potius

250 1596 340 1666 dedit,
363 1614 449 1671 quam
473 1614 511 1654 na
532 1596 744 1670 delinquerent.
787 1597 880 1653 Notou
900 1613 1013 1670 quoque
1034 1595 1125 1670 Equi-

250 1701 296 1752 ter
307 1696 455 1752 Romanor
467 1711 570 1766 operar
583 1711 691 1751 arenae
716 1694 883 1767 promittere
906 1694 1021 1768 subegit
1034 1694 1123 1751 don'iu
1162 1712 1171 1731 ¹

250 1793 436 1867 ingentibua:
470 1785 631 1865 nuilquod
659 1794 835 1851 merceatab
860 1810 907 1860 eu,
932 1792 982 1867 qui
1019 1791 1123 1851 iubere

200 1894 355 1964 ibboleni,
382 1890 443 1948 vim
469 1888 655 1950 uecemitutir
680 1891 781 1948 adlert.
822 1892 872 1947 Ne
899 1898 999 1948 tamen
1025 1890 1124 1948 adbuc

249 1989 368 2063 publico
381 1989 495 2046 theatro
507 1989 755 2057 dehonestaretur,
767 1988 894 2046 instituit
908 1989 999 2054 ludos,
1019 1986 1124 2045 Juueu·

249 2085 505 2154 uiiurnvocabulo,
529 2087 562 2144 iu
583 2104 654 2161 quoa
678 2086 785 2160 panim
809 2089 928 2145 nomina
952 2087 1039 2144 duta:
1060 2104 1124 2144 non

249 2187 387 2245 nobilitor
401 2187 546 2260 cuiquam,
568 2204 630 2244 non
644 2191 735 2252 aetna,
753 2189 805 2243 aut
825 2186 887 2243 acti
901 2185 1025 2242 honores
1040 2184 1124 2259 inpe-

249 2284 391 2353 dimento,
404 2303 462 2359 quo
475 2285 570 2344 minua
584 2284 693 2341 Graeci
708 2283 848 2341 Latinive
860 2282 1010 2340 biutriouia
1024 2288 1122 2340 artem

248 2391 434 2451 exercerent,
461 2400 551 2456 nuque
577 2383 614 2437 ad
641 2389 739 2456 gertua
765 2383 922 2455 modosque
949 2382 1026 2439 baud
1051 2381 1122 2439 viri·

250 2482 303 2537 ler.
343 2480 424 2552 Quin
438 2485 468 2537 et
491 2479 617 2537 feminae
640 2480 777 2538 inluutreu
799 2480 941 2539 deformia
965 2473 1121 2539 meditari:

249 2581 455 2652 exstructaque
478 2579 553 2651 opud
579 2596 690 2645 nemun,
716 2579 794 2653 quod
817 2579 917 2636 navali
940 2583 1045 2653 atngno
1064 2579 1122 2637 cir·

250 2676 413 2748 cumpmuit
437 2678 594 2750 Augustus,
620 2677 831 2734 conventicula
856 2682 888 2734 et
900 2694 1062 2750 cauponae,
1089 2682 1122 2736 et

250 2776 346 2850 punita
371 2795 450 2834 veno
473 2777 661 2836 inritamenta
685 2781 778 2836 luxus.
798 2780 997 2854 dabanturque
1018 2763 1122 2852 slipen,

249 2892 321 2949 quar
341 2875 413 2932 boni
437 2875 621 2943 necessitate,
645 2877 873 2950 intemperantes
900 2878 992 2953 gloria
1015 2895 1122 2936 conau-

247 2981 372 3031 merent.
412 2975 485 3031 lude
497 2975 623 3049 gliscere
643 2974 753 3048 flagitia
771 2981 804 3031 et
822 2975 957 3044 inlumia3
978 2993 1035 3033 nec
1059 2978 1122 3034 ulla

250 3072 377 3130 moribus
399 3073 470 3129 olim
490 3073 631 3146 corruptis
652 3075 716 3145 ptus
738 3072 892 3131 libidinum
917 3074 1121 3143 circumdedit,
1182 3120 1186 3123 .

249 3190 344 3246 quom·
363 3172 415 3229 illa
440 3171 603 3228 conluviea.
651 3171 716 3227 Vix
740 3172 848 3229 artibus
870 3171 1000 3228 honestis
1027 3174 1121 3245 pudor

224 3271 408 3328 retinetur:
438 3271 554 3336 nedum,
577 3269 654 3326 inter
680 3269 841 3326 certamina
865 3268 1011 3336 vitiorum,
1038 3269 1122 3342 pudi-

249 3369 324 3426 citio
335 3376 385 3427 aut
408 3368 549 3426 modestia
564 3374 614 3425 aut
638 3367 793 3443 quidquam
817 3368 897 3441 probi
921 3367 1008 3427 morie
1030 3385 1121 3425 reser-

251 3472 377 3523 varetur.
437 3466 587 3524 Postremo
617 3466 681 3539 lpse
717 3483 837 3523 scenam
871 3465 993 3532 incedit,
1026 3468 1121 3522 multu

246 3581 321 3624 eura
349 3571 464 3623 tentum
489 3566 633 3624 citharam
659 3569 690 3622 ct
717 3564 932 3639 praemeditans
955 3563 1122 3622 adsistenti·
