2509 4292
105 442 181 493 ac.
198 446 235 491 rs.
326 440 396 487 ura.
424 440 474 487 ru.
526 417 799 487 alsatz-⁴15.
898 420 968 488 291

104 594 285 667 Vespasiani
299 594 387 666 adigi,
402 594 566 651 volantibus
580 593 643 649 luit.
685 594 831 656 Ceterum,
844 598 875 648 ut
895 611 973 651 mars

105 694 198 751 tutius
212 693 343 757 Valenti,
356 710 440 766 qiam
454 693 546 757 litora,
558 698 606 748 aut
627 693 727 758 urbes;
747 692 789 747 ita
811 690 896 746 futuri
916 709 973 748 am·

105 791 219 864 blguus,
234 796 262 845 et
278 790 459 863 magianum
476 792 589 855 vitaret,
604 806 688 863 quam
712 790 759 847 aui
784 790 894 853 fideret,
914 807 974 845 eer-

108 894 164 952 tus,
197 889 320 945 adversa
349 894 520 959 tempestate
555 889 746 953 Stoechadas,
783 888 973 944 Massiliensi·

108 1003 160 1043 nm
186 984 306 1049 insulas,
330 987 462 1043 adfertur.
497 986 538 1042 ibi
561 1004 626 1042 eum
656 987 760 1043 missae
788 1004 805 1040 s
841 985 975 1042 Paullino

109 1085 289 1144 Liburnicae
312 1101 488 1158 oppressere.
530 1085 626 1156 Capto
650 1085 787 1150 Valente,
810 1090 916 1142 cunata
936 1085 1028 1150 adiu

106 1182 230 1239 viatoris
244 1200 314 1254 opes
327 1200 480 1248 conversa,
493 1182 579 1238 initio
590 1199 641 1254 per
656 1183 826 1254 Hispaniam
848 1201 865 1239 a
881 1183 973 1255 prima

107 1280 264 1339 Adiutrice
280 1280 395 1353 legione
407 1288 478 1339 orto.
493 1298 576 1354 quae,
587 1284 724 1338 memoria
745 1282 870 1339 Othonis
885 1281 975 1337 inlen-

107 1396 141 1436 sa
162 1378 297 1443 Vitellio,
310 1378 455 1435 desimam
469 1395 580 1452 quoque
593 1396 628 1435 ae
642 1386 755 1436 sextam
770 1379 867 1436 traxit.
909 1380 975 1436 Neo

108 1476 227 1533 Galliae
241 1478 459 1533 cunctabantur.
501 1477 539 1533 Et
561 1477 754 1542 Britanniam,
773 1477 892 1534 inolitus
906 1491 976 1548 erga

107 1573 326 1645 Vespasianum
350 1574 442 1640 teror,
466 1576 541 1647 qurrrl
569 1575 632 1630 illie
654 1575 799 1631 secundae
827 1575 976 1648 legionis

108 1672 237 1729 Claudio
258 1672 435 1742 praepositus
456 1678 486 1727 et
507 1672 585 1727 bello
609 1674 705 1728 olarus
718 1679 825 1745 egerat,
838 1689 897 1729 non
911 1672 975 1731 siue

108 1752 190 1827 motu
211 1769 345 1828 adiunxit
365 1776 536 1832 ceterarum,
557 1769 587 1825 in
608 1772 711 1844 quibus
726 1771 852 1844 plerique
867 1770 976 1828 Centu-

108 1869 209 1927 riones
222 1885 257 1923 so
272 1868 411 1925 militena
436 1866 562 1923 Vitellio
581 1869 722 1941 provecti,
746 1875 896 1941 expertum
918 1869 976 1924 iam

111 1966 284 2036 Principem
307 1965 389 2021 auxii
414 1968 572 2022 mutabant.
613 1966 659 2023 Ea
684 1966 836 2033 discordia,
860 1971 890 2021 et
917 1981 975 2022 ere
987 1978 1029 2036 45

110 2062 169 2120 bris
184 2062 255 2119 belli
268 2061 366 2118 civilis
380 2064 547 2140 rumoribus,
562 2063 697 2119 Britanni
708 2064 847 2119 sustulere
856 2064 977 2130 animos,

108 2167 229 2217 auctore
258 2160 406 2216 Venutio:
441 2160 501 2233 qui,
534 2177 619 2232 super
641 2160 756 2215 insitam
792 2159 927 2215 ferociam
948 2165 979 2216 et

113 2257 242 2315 Romani
256 2258 502 2323 nominisorlium,
527 2257 647 2328 propriis
671 2258 702 2313 in
728 2258 979 2314 Carlismaurtuam

24 2387 26 2400 ›
113 2355 388 2428 Reginamstimulis
399 2356 618 2411 accendebatur.
631 2355 979 2428 OartismsnduuBrigau·

24 2457 25 2494 ἒ
112 2453 190 2514 tibus
215 2452 407 2525 imperitabat,
421 2455 533 2524 pollens
555 2452 724 2508 nobilitate:
746 2458 775 2509 et
796 2461 916 2509 auxerat
932 2470 979 2526 po·

112 2552 246 2616 tentiam,
261 2556 420 2624 postquam,
436 2558 523 2622 oapto
537 2565 588 2623 per
600 2552 697 2608 dolum
712 2551 793 2625 Rege
808 2552 979 2620 (larentinae,

114 2725 161 2780 18.)
172 2738 223 2769 cum
235 2724 302 2781 vrrlgo
316 2732 382 2778 esset,
397 2724 518 2770 atentiam
532 2725 628 2771 liberum
634 2715 694 2782 suit,
710 2724 802 2772 insilitis
813 2740 880 2773 voce:
897 2731 944 2782 aut,
955 2729 980 2772 ut

112 2779 135 2829 in
154 2781 295 2843 quibusdam,
316 2791 392 2828 nactur
408 2784 469 2838 suit.
501 2783 545 2832 Qui
568 2785 653 2829 scilieet
676 2784 826 2844 glossographi
849 2785 979 2842 ignorarunt

113 2856 181 2899 geum
200 2842 289 2886 dicendi
309 2857 323 2886 a
341 2843 403 2885 tonte
419 2841 522 2886 Graeco:
547 2843 606 2901 quod
632 2842 727 2902 peritum
751 2843 814 2888 illum
834 2858 982 2903 sagacemque

113 2900 250 2945 Germanum
266 2914 308 2944 non
322 2899 385 2955 fugit
418 2898 501 2955 lugenii
514 2899 572 2944 enim
589 2907 612 2945 et
629 2902 750 2946 industriae
766 2901 853 2946 laudern
871 2904 980 2947 llheuano

115 2957 188 3003 libens
199 2958 245 3002 do:
268 2963 291 3001 et
302 2958 348 3003 sein
364 2957 422 3002 inter
439 2958 546 3016 primores
559 2972 609 3003 euin
624 2973 677 3004 suae
692 2958 770 3014 gentis.
804 2962 834 3003 at
843 2960 914 3019 earpsi
924 2960 979 3005 olim

114 3015 215 3063 liberius.
248 3015 300 3061 Non
310 3030 359 3072 ego,
368 3017 406 3060 sed
416 3023 485 3060 aetas
498 3015 549 3073 (etsi
561 3030 640 3062 revera
655 3017 725 3061 multa
741 3015 762 3060 iu
773 3016 876 3061 Rhenani
887 3017 980 3071 iudiciis,

113 3089 181 3178 tlt,
198 3072 824 3190 ttl‘tattttlti}.t,tl“tltlmlttt,tltttll
841 3075 980 3191 titiant

114 3205 164 3235 cere
180 3196 205 3235 et
224 3191 341 3249 explicare.
375 3191 464 3235 Revera
483 3198 557 3235 autem
575 3189 683 3249 quantula
701 3190 757 3233 haee
777 3165 835 3243 sunt',
854 3189 883 3234 de
901 3189 980 3248 quibus

113 3249 246 3304 litigamus?
262 3249 359 3302 litterae,
369 3249 478 3304 syllabae,
493 3249 592 3294 voculae.
624 3247 712 3293 Ridere
719 3244 773 3290 milri
785 3245 852 3299 lubet,
864 3262 911 3292 cum
923 3247 980 3293 viro

113 3321 162 3351 rum
180 3307 279 3364 gravium
298 3313 322 3351 et
340 3307 455 3364 grandium
473 3307 619 3359 velitationes,
640 3305 707 3350 immo
724 3317 807 3364 pugnas
826 3306 892 3350 video
909 3304 930 3350 in
947 3306 981 3353 lrir

113 3364 183 3433 pugn
199 3370 223 3409 et
239 3373 322 3419 metuo,
340 3370 365 3409 ut
383 3365 481 3410 excitent
498 3379 535 3409 rne
552 3365 582 3409 ad
597 3364 691 3409 alteram
708 3364 819 3419 satyram.
851 3364 917 3409 Nune
931 3378 980 3412 cum

115 3424 266 3483 Aristophane
276 3424 345 3481 (Rau.
357 3424 419 3480 858.)
429 3423 482 3469 satis
492 3423 546 3467 milri
558 3423 701 3468 inclamasse:

291 3502 556 3570 ——Aorioguniss
573 3505 599 3551 δ’
615 3520 638 3550 nv
653 3518 729 3571 aganas

142 3663 145 3668 Ι
292 3571 382 3638 'ariges
397 3585 496 3626 aalma,
506 3568 574 3638 &arg
588 3570 746 3637 agmanilia.
915 3634 973 3691 H„

147 3710 248 3765 Aunemt
262 3711 393 3773 palentiam]
424 3711 511 3771 Fauor,
526 3720 565 3759 aut
580 3712 671 3759 Tacitus
685 3713 780 3775 scripsit,
791 3713 894 3772 potentia.
925 3715 982 3766 Quis
