2509 4292
97 343 231 394 nnn.
313 346 383 393 nra.
410 347 456 395 rr.
507 326 780 429 cir.43.-‹16.
897 326 965 392 ³61

100 498 170 555 nuit
202 516 335 556 sermone
363 500 443 556 motii
473 507 504 556 et
530 504 676 574 tamquam
698 504 819 573 rogaret.
870 503 971 558 Patres

99 601 464 668 coeptatam-tibertatern.
489 606 639 673 postquam
661 600 779 656 obviarn
806 600 887 666 itura,
901 601 971 657 orni-

99 714 177 753 aere.
220 698 384 764 biasianae,
415 716 452 755 ne
486 698 582 770 sperni
613 700 738 756 Senatus
771 699 919 764 iudicium,
940 707 971 756 et

96 796 219 851 amiate
230 799 284 851 sub
299 798 418 853 Nerone
439 798 573 853 admissis
597 799 666 852 stata
685 797 834 869 inpunitas
859 798 971 854 videre·

100 897 158 953 tur,
172 894 329 950 Octavium
345 895 488 966 Sagittam
503 902 532 951 et
553 895 713 952 Antistium
738 897 906 963 Sosianum„
919 899 971 953 Se·

100 993 209 1049 mtorii
234 994 353 1055 ordinis,
380 1011 510 1066 egressos
534 995 679 1061 exsilium,
704 996 736 1050 in
757 996 873 1051 easdem
894 994 970 1051 insn-

98 1093 146 1148 iss
170 1093 291 1165 redegit.
333 1093 478 1149 Octavius
504 1093 639 1149 Pontiam
665 1094 852 1158 Postumiam,
871 1099 970 1166 stupro

97 1189 250 1262 oognitam
262 1197 293 1246 et
317 1191 432 1263 nuptas
457 1208 523 1246 suas
544 1193 730 1255 abnuentem,
744 1194 878 1264 inpotens
892 1211 969 1249 amo

56 1269 65 1272 Δ
98 1287 141 1344 ris
167 1287 371 1358 interiecerat3
404 1290 543 1346 Sosianus
567 1290 712 1362 pravitate
734 1308 843 1347 morum
871 1291 967 1348 moitis

98 1387 252 1443 enitimur.
296 1389 393 1444 Ambo
421 1388 503 1461 gravi
526 1390 651 1445 Senatus
678 1392 812 1446 consulto
837 1390 969 1447 damnati

97 1485 242 1558 puteique,
268 1485 402 1557 quamvis
420 1502 563 1542 conuerso
588 1487 655 1542 stiis
681 1488 784 1552 reditu,
813 1489 843 1543 in
864 1491 968 1545 eadem

96 1601 199 1658 poena
220 1585 326 1642 retenti
349 1591 449 1641 snat..
478 1585 543 1641 Neo
557 1585 625 1653 ideo
648 1585 739 1641 lenita
763 1586 830 1657 erga
857 1587 968 1644 Munia-

96 1699 170 1740 num
193 1683 317 1738 inviriia.
368 1683 483 1755 Quippe
510 1683 648 1740 Sosianus
675 1700 711 1739 so
740 1686 854 1755 Sagitta
881 1684 966 1752 vites,

96 1780 189 1837 etiem
203 1780 228 1836 si
243 1789 473 1838 reverterentur:
494 1783 695 1839 ulceratorum
719 1782 837 1853 ingenia
851 1788 882 1839 et
894 1799 965 1855 opes
1060 1852 1064 1861 x

96 1878 274 1935 etexeroita
298 1881 382 1937 mutis
396 1880 504 1936 artibus
527 1882 655 1951 potentia
682 1881 864 1938 timebantur.
906 1883 1015 1952 lie-45

94 1979 269 2036 eomitissa
283 1979 438 2050 paullisper
450 1979 544 2036 studia
559 1981 677 2036 Petrum
692 1981 791 2035 habita
805 1981 834 2036 in
852 1982 962 2037 Senatu

93 2077 395 2149 oognitioseounrium
407 2086 535 2149 peterem
547 2095 665 2135 morem.
708 2078 836 2134 Mentior
852 2079 961 2136 Patrui-

94 2181 153 2242 tus,
169 2177 300 2244 Senator,
314 2184 321 2209 ⁴
334 2180 477 2249 poisatum
497 2195 529 2234 se
543 2177 573 2233 in
597 2175 714 2233 antonia
735 2177 860 2233 Senensi
874 2183 961 2233 coetu

95 2275 311 2333 ‘mutitudinis
333 2285 364 2332 et
391 2277 469 2347 iussn
506 2273 746 2349 magistratuum?
771 2277 959 2348 querebatur:

93 2380 173 2431 ‘aee
195 2375 285 2432 finem
307 2375 431 2432 iniuriae
458 2376 507 2432 bio
533 2375 668 2431 stetisse:
690 2376 837 2447 planatum
865 2378 895 2429 et
922 2368 985 2430 ia·v

93 2476 214 2535 ‘nerra
227 2479 258 2529 et
271 2490 466 2546 supremorum
486 2474 643 2546 imaginem
668 2471 813 2545 praesenti
838 2472 893 2528 sibi
907 2472 961 2529 cir·

97 2574 258 2628 ‘eamdsta
272 2588 338 2629 curn
352 2571 539 2636 contumetiis
561 2579 590 2628 et
612 2573 731 2644 probris,
755 2589 828 2645 quae
854 2571 884 2627 in
910 2572 962 2626 Se-

85 2676 101 2703 *
113 2678 215 2729 nutam
229 2671 394 2728 universum
422 2667 605 2727 iacerentur?
654 2670 773 2747 Vocati,
800 2669 848 2743 qui
862 2686 960 2742 argue·

93 2772 208 2828 bantur.
250 2770 297 2833 Et,
324 2772 444 2840 cognita
460 2785 575 2834 aarum,
599 2769 808 2826 inconvictos
831 2770 960 2825 vindica·

93 2873 166 2927 tum.
210 2868 406 2941 Additamque
417 2869 476 2925 SC.
486 2885 544 2941 quo
556 2869 730 2925 Senensium
741 2869 840 2939 ptebes
850 2868 960 2923 modes·

92 2968 153 3026 tiae
174 2968 384 3023 admoneretur.
434 2966 542 3022 lisdem
552 2967 654 3022 diebus
667 2966 813 3022 Antonius
826 2965 960 3018 Flamma

92 3065 313 3139 Cyrenensibus
340 3065 491 3121 damnatur
510 3065 574 3137 tege
597 3063 826 3133 repetundarum,
850 3066 880 3114 et
908 3077 957 3115 ex-

89 3165 159 3222 siiio
171 3166 210 3220 ob
221 3162 387 3219 saevitiam.
429 3164 509 3221 later
519 3178 592 3235 quae
603 3158 735 3216 militaris
749 3158 854 3214 seditio
868 3174 956 3228 prope

89 3262 209 3319 exarsit.
224 3305 227 3311 .
244 3258 460 3319 Praetoriauam
475 3260 607 3316 mititiam
619 3259 787 3330 repetebant
801 3275 818 3312 a
832 3255 957 3311 Viteitio
968 3276 1008 3332 46

13 3390 14 3405 1
89 3360 213 3427 dimissi,
238 3377 289 3433 pro
313 3358 495 3433 Vespasiano
515 3350 702 3434 congregati:
728 3364 758 3415 et
777 3359 902 3414 iniectus
924 3355 955 3413 in

55 3569 59 3573 .
118 3532 306 3579 Paisatomrrin
316 3532 409 3593 sabain]
440 3532 531 3580 Grande
543 3531 618 3593 priscis
634 3533 678 3580 iilis
693 3534 888 3582 moribuserimea.
904 3548 956 3582 nam

88 3604 130 3637 nes
139 3591 239 3637 convicio
250 3593 381 3638 senatorem
395 3605 515 3653 aspergere
530 3590 613 3638 iioebst
622 3593 720 3655 impune.

129 3689 198 3731 von
219 3691 255 3729 rr.
532 3675 566 3731 si
584 3672 602 3709 *Ρ
