2509 4292
245 347 295 416 26
406 396 411 403 -
436 382 441 391 ¹
551 365 745 421 anuamvu
970 377 1002 424 u.
1016 372 1048 425 v.
1061 379 1119 427 aaa

241 523 357 582 medios
364 523 441 582 iuter
453 523 550 583 hostes
574 526 753 585 Londinium
766 525 904 600 perrexit,
918 533 1119 602 cognomento

143 654 145 665 ι
245 623 362 697 quidem
376 623 510 681 coloniae
524 641 583 682 non
597 623 722 699 insigne,
733 626 787 683 sed
800 625 888 698 copia
903 628 1118 699 negotiatorum

245 727 277 779 et
300 727 516 780 commeatuum
539 723 667 780 maxime
686 723 811 782 celebre.
831 724 874 782 ibi
896 724 1058 798 ambiguus,
1078 742 1120 783 au

244 820 329 877 illam
344 821 444 878 sedem
459 821 537 877 bello
556 822 708 895 deligeret,
720 822 932 896 circumspecta
956 824 1122 898 infrequen-

243 919 285 976 tia
305 919 414 986 militis,
431 919 559 994 satisque
582 920 695 994 magnis
716 921 900 979 documentis
920 922 1119 980 temeritatem

243 1017 345 1076 Petilii
369 1019 536 1086 coercitam,
563 1019 649 1077 unius
675 1019 775 1094 oppidi
802 1022 1039 1078 damnoservarc
1054 1019 1120 1078 uni·

245 1134 330 1173 versa
344 1117 453 1174 statuit
495 1118 599 1193 Neque
614 1118 683 1175 lietu
705 1124 736 1176 et
754 1106 882 1176 lacrimis
897 1118 1039 1177 auxilium
1052 1120 1119 1177 eius

244 1215 393 1272 orantium
405 1215 499 1273 flexus
513 1222 566 1282 est,
577 1217 647 1292 quin
661 1218 743 1274 daret
764 1217 953 1290 protectionis
976 1217 1093 1290 signnm
1108 1238 1116 1273 :

239 1319 274 1370 et
288 1315 462 1372 comitantes
475 1314 506 1371 in
521 1321 632 1388 partem
652 1315 777 1389 agminia
789 1321 954 1389 acceperat.
996 1315 1118 1390 Siquos

243 1412 362 1469 inbellis
375 1431 472 1479 sexus,
485 1418 535 1471 aut
554 1414 633 1471 sessa
647 1418 737 1480 netas,
752 1416 801 1471 vel
823 1413 882 1471 loci
895 1414 1021 1470 dulcedo
1040 1413 1117 1470 adli·

243 1516 355 1576 uuerat,
381 1512 419 1581 ab
442 1512 525 1569 hoste
545 1512 675 1585 oppressi
689 1516 765 1569 suno
806 1511 919 1569 Eadem
933 1511 1033 1568 clades
1054 1529 1117 1568 mu-

242 1609 356 1683 nicipio
368 1609 541 1666 Verulamio
554 1610 627 1680 tuit,
642 1610 709 1684 quia
720 1611 843 1678 baberi,
856 1610 971 1667 omissis
985 1611 1118 1668 castellis

243 1704 452 1780 praesidiisque
484 1707 660 1776 militarium,
682 1709 757 1782 quod
779 1709 955 1767 uberrimum
975 1707 1118 1781 spolianti

239 1808 275 1861 et
300 1803 522 1862 defendentibus
545 1805 680 1874 intutum,
707 1806 779 1864 laeti
805 1809 912 1880 praeda
937 1812 968 1864 et
991 1806 1118 1865 aliorum

243 1920 358 1978 segnes,
373 1905 521 1977 petebant·
565 1906 614 1973 Ad
639 1905 826 1980 septuaginta
846 1905 938 1963 millia
952 1905 1063 1963 civium
1085 1914 1119 1966 et

240 2004 396 2070 sociorum,
410 2002 446 2060 iis
456 2020 530 2078 quae
544 2004 706 2063 memoravi
719 2004 801 2074 locis,
814 2003 957 2061 cecidisse
971 2005 1117 2063 constitit,

243 2121 339 2180 neque
350 2103 553 2177 enimcapere,
567 2109 616 2160 aut
627 2103 805 2169 venundare,
819 2102 936 2159 aliudve
949 2103 1028 2178 quod
1043 2104 1117 2162 belli

241 2202 459 2268 commercium,
479 2203 535 2259 sed
561 2203 681 2268 caedes,
714 2200 854 2273 patibula,
886 2200 980 2274 ignes,
1002 2218 1118 2271 cruces,

245 2305 391 2375 tamquam
400 2300 541 2358 reddituri
560 2299 745 2372 supplicium,
758 2316 794 2356 ac
815 2303 970 2372 praerepta
994 2299 1116 2359 interim

165 2380 366 2474 multione,
397 2397 582 2454 festinabant.
623 2398 687 2455 lam
722 2397 864 2463 Suetonio
895 2398 1116 2470 quartadecima

245 2492 403 2569 legio'curu
417 2493 579 2552 vexillariis
593 2494 792 2559 vicesimanis,
808 2500 838 2551 et
852 2512 869 2550 e
890 2495 1030 2569 proximis
1043 2513 1116 2554 aux·

244 2594 352 2659 trieres,
379 2593 483 2649 decem
506 2593 594 2649 terme
616 2592 709 2651 millia
733 2599 907 2651 armatorum
920 2598 1026 2651 eraut:
1046 2611 1116 2653 cum

243 2691 379 2751 omittere
398 2690 620 2760 cunctationem
633 2696 664 2747 et
686 2690 825 2765 congredi
848 2692 912 2749 acia
927 2700 1015 2765 parat.
1037 2694 1113 2751 deli·

244 2791 345 2866 gitque
356 2791 450 2847 locum
464 2789 532 2847 artis
545 2788 675 2846 faucibus
688 2795 718 2846 et
742 2807 760 2846 a
774 2795 856 2864 tergo
875 2790 951 2847 silva
964 2793 1095 2851 clausum
1106 2812 1116 2863 ς

243 2889 317 2950 satis
330 2888 458 2963 cognito,
471 2887 545 2946 nihil
558 2887 694 2955 hostium,
705 2887 763 2945 uisi
773 2888 804 2945 iu
818 2887 923 2957 t‘route,
936 2894 967 2947 et
980 2896 1114 2964 apertam

271 3064 425 3125 amintam]
457 3060 728 3121 macenniacum.

274 3145 416 3193 Imndinium
426 3142 485 3200 copia
493 3141 662 3202 negotiatorum]
702 3140 778 3186 Etiam
789 3139 864 3187 hodie.
873 3153 947 3202 eoque
952 3139 1044 3188 nomine
1051 3140 1116 3202 pria

242 3221 298 3269 ceps
308 3203 436 3252 Britanniae
445 3202 503 3249 urbs.

272 3283 451 3343 commarcam]
483 3280 581 3327 Navium
591 3280 634 3326 hue
643 3283 710 3339 atque
720 3277 771 3324 hine
780 3278 956 3325 manaucandum.
986 3278 1049 3324 Brot.

276 3364 407 3413 Verulamio
447 3361 509 3408 Loco
528 3360 601 3405 adhue
625 3372 706 3404 nornen
732 3355 846 3411 Voculam,
869 3371 939 3417 prope
962 3356 1069 3417 oppidum
1088 3355 1115 3404 S.

245 3427 339 3481 Album,
350 3424 372 3470 in
408 3420 492 3478 erlford
501 3416 614 3465 comitatu.
648 3416 680 3464 lbi
693 3415 788 3477 plurima
798 3415 871 3461 adhue
882 3415 981 3460 visuntur
990 3414 1117 3475 antiquita·

245 3486 275 3532 lis
283 3485 399 3531 Romanae
409 3484 556 3525 monumenta¹
590 3481 621 3523 At
638 3475 687 3536 plus
699 3474 786 3534 gloriae
795 3475 881 3529 attulit,
891 3487 1015 3534 nomenque
1025 3473 1119 3519 immor-

245 3543 294 3589 tale
309 3540 362 3589 tait
374 3538 411 3587 ‚vir
425 3550 531 3594 summus,
549 3535 610 3584 cumi
627 3548 684 3582 aevo
703 3533 866 3592 memorandus,
883 3532 1013 3580 Frauciscus
1027 3531 1113 3581 naam

241 3600 312 3666 W
