2509 4292
269 379 342 447 302
576 398 831 446 rrrsnosussvrr
998 401 1029 446 a.
1047 399 1140 470 usar

268 557 453 610 sacramento
478 550 579 625 adigit.
606 550 801 623 superfluente
828 549 1014 608 mullitudine
1044 567 1147 608 curam
1222 595 1223 600 1

270 650 403 708 delectus
428 651 458 708 io
474 651 616 708 Consules
636 648 764 722 partitur.
806 650 963 706 Servorum
991 666 1145 706 numerum

271 755 301 806 et
316 750 428 821 pondm
443 748 555 824 argenti
578 746 768 804 senatoribus
788 747 900 804 indicit.
939 747 1067 820 Equites
1091 747 1150 803 lto»

272 847 353 904 mani
380 848 509 903 obtulere
536 862 655 918 opernm
683 843 889 918 pecuniasque,
915 844 1006 902 eliam
1042 844 1152 902 liberti·

273 944 319 1001 nis
342 945 418 1001 idem
448 961 549 1001 munus
577 944 653 999 ultro
680 942 886 1017 flagitantibus.
926 942 973 999 Ea
999 942 1150 1000 simulatio

273 1043 372 1109 officii,
399 1059 417 1097 a
444 1047 521 1098 melo
537 1041 677 1114 prolecta,
702 1048 828 1100 uerterat
855 1042 886 1100 in
913 1042 1056 1098 lavorem.
1111 1043 1151 1099 m

278 1139 405 1214 plerique
431 1139 509 1196 haud
533 1139 654 1212 perinde
683 1140 847 1207 Vitellium,
870 1158 956 1214 quarn
980 1157 1084 1197 mum
1111 1144 1152 1198 lo

274 1254 394 1311 cumque
412 1237 604 1310 Principalem
629 1238 846 1295 miserabantur.
869 1255 925 1295 nac
947 1239 1052 1295 deerat
1076 1239 1149 1312 ipsa,

278 1338 370 1401 vultu,
398 1353 483 1402 voce,
511 1335 647 1404 lacrimis,
680 1336 910 1394 misericordiam
936 1337 1064 1405 eliocre;
1098 1339 1151 1396 lar·

275 1451 326 1508 gos
354 1434 511 1505 promissis,
540 1440 582 1501 et,
613 1451 688 1509 quae
721 1442 824 1491 natura
858 1434 1066 1507 trepidantium
1096 1441 1150 1504 eal,
1222 1497 1223 1508 χ

274 1531 448 1590 inmodicus.
491 1532 570 1604 Quin
595 1538 625 1588 et
650 1530 800 1589 Caesarem
826 1551 858 1589 se
885 1533 947 1589 dici
968 1533 1072 1598 voluit,
1105 1535 1152 1590 ad·
1222 1521 1223 1532 ἶ

275 1639 425 1703 spernatus
453 1638 557 1687 aulen:
593 1631 644 1687 aed
674 1637 752 1696 tunc,
779 1631 985 1703 superstitione
1014 1632 1150 1698 nominis,

276 1730 385 1802 etquis
399 1729 657 1786 inmetuconsilia
672 1729 865 1801 prudentium,
885 1735 916 1785 et
938 1729 1018 1803 vulgi
1044 1747 1148 1796 rumor,
1222 1795 1223 1802 ἵ

276 1828 358 1886 iuxta
382 1826 544 1884 audiuntur.
587 1828 734 1895 Ceterum,
754 1834 786 1884 ut
806 1827 905 1886 omnia
928 1828 1090 1885 inconsulti
1110 1828 1151 1886 in·

278 1935 361 2000 petus
380 1933 494 1998 coepta,
516 1924 607 1982 initiis
633 1925 743 1991 valida,
767 1925 862 1998 spatio
885 1928 1090 1999 languescunt,
1108 1926 1150 1982 di·

164 2081 169 2085 .
278 2024 337 2081 latri
370 2024 519 2098 paullatim
542 2026 700 2082 Senatores
722 2024 910 2098 Equitesque,
942 2025 1035 2096 primo
1063 2041 1150 2082 cunc·

279 2130 383 2191 tantos,
413 2124 452 2189 cl,
477 2122 526 2179 ubi
549 2123 612 2195 ipse
640 2140 698 2180 non
722 2125 832 2189 aderat,
868 2140 937 2179 mox
959 2123 1150 2195 contemptim

279 2228 309 2278 et
337 2222 401 2279 sine
429 2220 618 2290 discrimine3
648 2222 742 2278 donec
766 2221 909 2277 Vitellius
934 2222 1042 2293 pudore
1071 2220 1150 2278 inriti
1222 2277 1223 2284 ,

227 2327 410 2390 59connlus,
438 2339 511 2395 quac
536 2339 595 2378 non
619 2320 771 2387 dabantur,
796 2319 918 2375 remisit.
986 2320 1031 2375 Vt
1064 2325 1150 2376 terroe

278 2438 340 2477 rem
355 2420 459 2477 ltaliae
482 2436 614 2492 possessa
638 2417 789 2485 Mevania,
812 2434 847 2473 uc
864 2420 945 2473 velot
966 2424 1099 2475 renatum
1112 2434 1149 2474 ex

278 2519 393 2591 integro
420 2520 538 2583 bellum,
565 2516 724 2573 intulerat:
759 2516 801 2571 ita
826 2516 902 2571 haud
936 2515 1056 2573 dubium
1084 2532 1149 2588 erga

280 2615 440 2673 Flavianas
456 2622 550 2686 partes
564 2614 692 2679 studium
706 2620 764 2670 tam
775 2614 900 2685 pavidus
912 2613 1031 2672 Vitellii
1045 2616 1149 2672 disces·
1222 2635 1223 2674 r

278 2730 325 2769 sus
352 2713 473 2768 addidit.
515 2713 641 2771 Erectus
665 2712 790 2768 Samnis*
807 2712 1002 2786 Pelignusque
1022 2723 1053 2769 et
1076 2712 1150 2769 lilar-
1174 2709 1180 2714 ”
1222 2715 1223 2772 j

278 2810 303 2867 si
317 2810 524 2876 aemulatione,
548 2813 624 2883 quod
639 2810 813 2883 ,Campania
838 2811 1049 2882 praevenisset,
1069 2819 1098 2866 ul
1119 2809 1150 2866 iu
1222 2785 1223 2808 ¹

279 2925 357 2965 novo
378 2905 588 2982 obsequio,'ad
616 2914 724 2965 cuncta
749 2908 820 2966 belli
842 2908 940 2965 munia
953 2925 1036 2965 acres
1059 2912 1150 2973 eraut

280 3008 339 3065 Sed
366 3007 449 3063 laeda
478 3007 584 3072 hieme,
598 3025 650 3081 per
676 3005 827 3064 transitum
857 3006 1010 3078 Apennini
1033 3007 1154 3065 conflic-

281 3112 358 3163 lalus
380 3105 538 3172 exercilus,
566 3111 595 3161 et
626 3104 676 3161 vix
702 3106 800 3177 quinio
822 3104 941 3177 agmine<
964 3103 1051 3161 niv'es
1077 3108 1152 3162 elue·
1222 3111 1223 3122 ¹

282 3206 418 3270 lantibus,
456 3204 557 3275 patuit,
598 3212 740 3277 quantum
770 3202 947 3260 discriminis
989 3204 1151 3262 adeundum

282 3304 364 3371 lorel,
392 3301 424 3360 ni
452 3301 608 3360 Vitellium
637 3307 713 3357 retro
741 3301 871 3360 Fortuna
894 3302 1046 3357 vertisset:
1081 3317 1151 3375 quae

282 3399 436 3459 Flavianis
466 3401 599 3457 Ducibus
631 3417 691 3457 non
716 3399 810 3456 minua
836 3416 934 3470 saepe,
956 3416 1043 3472 quum
1071 3399 1149 3461 rutis,
1222 3411 1223 3436 ³

281 3500 381 3556 adluit.
423 3499 551 3555 obvium
580 3498 644 3555 illic
671 3497 807 3555 Petilium
843 3496 990 3554 Cerialem
1019 3499 1148 3563 habuere,
1222 3493 1223 3506 ³

277 3598 387 3669 agresti
410 3597 545 3656 nullust
571 3596 677 3658 notitia
700 3598 829 3656 locorum
857 3595 1006 3653 custodias
1035 3591 1147 3653 Vitellii
