2509 4292
285 347 333 417 52
609 369 794 419 ruuanrvu
1007 378 1037 424 s
1052 375 1082 424 v.
1099 380 1157 429 aro.

283 521 370 587 orins,
391 520 484 589 nuruis
496 522 571 580 houd
596 524 761 595 spernenda
780 524 945 596 latitudine,
965 531 1077 600 partem
1092 547 1156 588 rnu-

284 639 379 679 rorum
396 622 507 681 ambit:
542 628 571 679 et
590 624 679 678 dneta
700 622 804 695 ingens
825 624 976 699 lossa,qoa
997 627 1154 684 duviodil·

284 723 433 780 fidebatur.
476 722 651 796 lueruntque
674 722 783 779 milites
803 728 833 779 et
853 724 963 795 provisi
983 734 1052 782 ante
1071 743 1153 783 oom-

283 827 417 880 meatusr
437 839 567 901 quomm¹
587 823 732 878 subvectu
755 821 849 893 pauci,
870 823 986 879 ovidius
1007 825 1152 898 progressi

284 926 315 978 et
335 920 494 992 repentinis
514 921 645 977 hostibus
659 920 863 984 circumventi,
877 920 920 976 ira
939 922 1043 994 magis,
1063 941 1152 995 quam

284 1026 372 1083 metu,
391 1025 503 1075 eeteros
532 1021 741 1076 accenderant.
796 1020 855 1075 Sed
876 1017 986 1076 Parlbo
1009 1022 1045 1076 ad
1066 1039 1152 1078 ease·

283 1118 412 1191 quendas
439 1116 604 1174 obsidiones
639 1120 719 1175 nulla
752 1117 884 1174 eominus
917 1120 1048 1185 audacia,
1079 1119 1151 1175 reris

281 1215 413 1288 sagittis:
435 1233 528 1288 neque
561 1217 676 1272 clausos
709 1223 847 1283 exterret,
865 1222 895 1272 et
922 1225 1015 1273 semet
1035 1217 1152 1274 trustra·

283 1319 335 1370 tur.
380 1314 537 1380 Adiabeni,
566 1331 634 1371 eum
665 1331 834 1385 promovere
865 1317 960 1371 sentus
980 1321 1011 1370 et
1041 1317 1152 1372 maehi-

280 1419 421 1470 namenta
465 1413 639 1485 inciperent,
673 1412 760 1469 tacite
793 1412 911 1478 detrusi,
945 1430 1024 1479 mox,
1057 1431 1150 1471 erum·

252 1512 418 1586 5peolibus
440 1512 553 1578 nostris,
573 1497 742 1568 oaedunlur.
783 1511 912 1567 Corbulo
922 1517 1032 1577 tamen,
1053 1529 1153 1584 quam·

282 1612 328 1669 vis
369 1610 505 1667 secundis
548 1611 633 1666 rebus
666 1608 734 1675 suis,
777 1611 983 1667 moderandum
1017 1610 1151 1669 fortunae

281 1716 368 1774 ratus,
411 1709 490 1766 misit
532 1710 569 1764 ad
610 1709 790 1782 Vologesen,
840 1709 888 1782 qui
932 1714 1152 1782 expostularent

282 1809 362 1866 ‘vim
384 1808 554 1887 prouinciae
578 1808 722 1864 intutam:
757 1808 867 1865 socium
888 1808 1071 1883 amicumque
1094 1812 1152 1868 Re·

282 1918 376 1986 ‘gem
396 1911 531 1966 cobortes
552 1909 700 1966 Romanas
714 1908 923 1966 circumsideri.
943 1911 1090 1966 omitteret
1103 1928 1151 1983 po

282 2010 356 2068 ‘tius
370 2009 560 2074 obsidionem,
574 2015 623 2064 eut
638 2025 670 2063 se
684 2025 796 2082 quoque
811 2008 841 2064 in
856 2025 925 2081 agro
938 2008 1038 2065 hostili
1052 2015 1152 2067 eastra

281 2107 474 2184 ‘positurum’
505 2106 662 2180 Casperius
686 2107 835 2173 Centurio,
849 2108 879 2164 in
894 2125 959 2164 eam
972 2109 1151 2180 legationem

280 2212 421 2277 delentos,
435 2211 510 2281 apud
529 2207 667 2280 oppidum
693 2206 820 2271 Nisibin,
844 2212 958 2278 septem
978 2213 1008 2262 et
1029 2208 1152 2280 triginta

279 2309 407 2367 millibus
422 2325 554 2381 passuum
568 2325 584 2362 a
601 2305 813 2378 Tigranocerta
825 2304 992 2373 distantem,
1005 2305 1077 2362 rutil
1094 2307 1153 2365 Re·

279 2426 355 2483 gem,
383 2415 413 2464 et
441 2408 575 2461 mandata
596 2403 732 2461 ferociter
758 2402 859 2459 edidit.
900 2403 1042 2476 Vologesi
1064 2411 1151 2462 vetus

280 2514 309 2564 el
325 2506 437 2577 penitus
449 2505 574 2561 infixum
587 2510 658 2572 erat,
680 2519 758 2559 arma
784 2501 916 2558 Romana
938 2502 1069 2559 vitandi:
1091 2521 1151 2561 neo

279 2602 443 2678 praesentia
468 2619 601 2674 prospere
622 2603 758 2658 linebant.
780 2601 899 2658 inritum
922 2601 1085 2657 obsidium:
1108 2607 1151 2658 tu·

278 2710 324 2762 lus
349 2719 434 2759 manu
459 2708 490 2757 et
511 2701 604 2773 copiis
630 2701 794 2775 Tigranes:
816 2700 918 2773 fugati,
937 2700 986 2773 qni
1000 2716 1152 2773 expugna·

279 2802 387 2860 tionem
402 2805 600 2872 sumpserant:
622 2801 727 2856 missae
755 2800 786 2856 in
815 2799 984 2858 Armeniam
999 2799 1149 2872 legiones:

278 2908 308 2960 et
329 2902 404 2959 aliae
420 2919 470 2973 pro
486 2901 581 2972 Syria,
595 2905 712 2972 paratae
736 2899 812 2955 ultro
824 2898 1005 2969 inrumpere:
1026 2897 1084 2953 sibi
1105 2898 1151 2954 in·

278 3002 414 3061 becillum
434 3001 561 3074 equitem
576 3000 675 3072 pabuli
697 3000 804 3071 inopia.
826 3015 894 3054 num
919 3004 1020 3056 exorta
1042 2998 1088 3055 vis
1110 3001 1151 3055 lo·

276 3109 420 3161 bustarum
443 3102 609 3157 ambederat
632 3101 768 3173 quidquid
794 3100 944 3158 lrerbidum
968 3106 1017 3156 aul
1033 3099 1151 3157 frondo-

274 3220 347 3259 sum.
389 3200 488 3272 igitur,
504 3206 581 3255 metu
596 3202 735 3261 abstruso,
752 3200 865 3256 mitiora
876 3199 1048 3264 obtendens,
1063 3198 1149 3256 ‘'mis-

275 3318 391 3358 ‹surum
410 3302 445 3355 ad
462 3300 668 3369 Imperatorem
684 3298 847 3354 Romanum
864 3300 984 3370 legatos,
999 3315 1086 3369 super
1101 3317 1150 3372 pe·

188 3411 195 3421 ·
274 3402 382 3457 ‘lenda
404 3399 539 3455 Armenia
553 3404 582 3453 ot
597 3399 735 3454 firmanda
751 3394 843 3470 paoe,’
857 3398 1021 3468 respondet.
1046 3399 1150 3457 illone·

274 3516 326 3553 sen
348 3497 500 3553 ‘omittere
517 3494 739 3566 Tigranocerlo’
754 3496 851 3558 iubetz
873 3496 935 3566 ipse
950 3504 1027 3550 retro
1041 3515 1148 3555 eonce-

185 3580 187 3583 ’
244 3596 326 3666 adit.
347 3597 430 3652 Haeo
446 3597 550 3667 plures,
564 3601 595 3651 ut
619 3596 793 3653 ‘tormidine
815 3596 903 3670 Regis
918 3601 949 3652 et
973 3596 1150 3656 Corbulonis
