2509 4292
102 376 217 425 sena
298 339 385 425 m
404 378 476 427 xri.
528 378 606 426 aar.
634 358 776 428 8.-10.
883 365 955 432 106

100 527 154 584 eins
176 532 409 602 exspectabatur.
452 531 580 600 Siianns,
607 538 755 607 tamquam
769 534 888 593 Naxum
906 538 957 594 de·

99 628 383 693 neminemnam
402 637 531 689 amotm:
553 636 620 704 post
642 632 805 705 municipio
819 634 957 706 Apniiae,

99 724 252 784 euinomen
267 734 315 785 est
340 728 469 795 Barium,
485 730 639 789 clauditur.
694 730 772 797 titia,
794 730 957 806 indignissi-

98 838 167 881 mum
179 841 278 883 nasum
302 826 451 900 sapiemm
465 830 600 895 tolerans,
614 845 633 885 a
655 820 848 897 centurione,
861 846 880 886 a
893 845 958 888 aaa·

62 985 65 990 ⁵
97 920 156 979 dem
175 923 271 991 misso,
292 925 471 997 conripitur:
491 927 692 1001 suadentique,
711 933 824 984 ‘venas
846 929 958 987 abrum-

98 1022 184 1091 ‘pere,
197 1023 329 1081 animum
343 1024 461 1099 quidem
489 1025 574 1082 morti
595 1024 793 1090 destinatum,'
811 1025 864 1091 ait,
885 1027 957 1084 ‘sed

97 1123 166 1175 ‘non
182 1124 351 1191 permittere
376 1124 536 1194 percussori
549 1124 671 1196 gioriam
699 1121 873 1180 ministari'n'
914 1126 958 1182 st

98 1208 235 1286 Centurio,
248 1220 388 1294 quamvis
410 1220 559 1289 inermem,
582 1221 781 1293 praevaiidum
801 1228 900 1278 tamen
925 1226 978 1278 et·

96 1308 148 1370 irae
156 1334 238 1390 qoam
250 1319 351 1377 timori
360 1319 531 1391 propiorem,
542 1334 677 1382 cernens,
688 1319 780 1391 premi
789 1335 806 1374 a
815 1319 956 1378 militibus

75 1409 177 1491 iubet.
232 1417 301 1474 Nee
331 1416 430 1475 omisit
459 1418 577 1491 Silanun
614 1418 708 1475 obniti
746 1421 776 1474 et
802 1417 977 1477 intendere·

98 1507 173 1579 irtus,
191 1520 336 1586 qnantum
350 1516 482 1573 manibus
496 1515 582 1573 nodia
597 1516 725 1580 vetabat,
738 1517 833 1573 donee
847 1533 865 1572 a
879 1517 957 1575 Oen·

98 1609 200 1669 torione
214 1615 389 1671 vulneribus
402 1615 542 1679 adversis,
566 1620 713 1687 tamquam
736 1614 766 1670 in
792 1630 896 1688 pogna,
909 1630 957 1672 aa·

100 1705 179 1765 deret.
228 1712 321 1768 Hand
345 1711 439 1769 minus
466 1716 598 1784 prompte
623 1713 657 1769 1..
680 1712 776 1770 Vetus
801 1728 956 1788 sobriaque
971 1730 1009 1792 10

100 1802 163 1872 sius,
182 1807 298 1875 Sextia,
312 1815 344 1868 et
369 1809 495 1867 Pottutia
508 1810 579 1877 iiia,
593 1826 698 1869 neeem
710 1811 844 1868 subiere:
865 1812 957 1871 invisi

101 1898 228 1977 Prinoipi,
249 1914 400 1981 tamquam
423 1907 554 1966 vivendo
574 1911 794 1982 exprobrarent,
822 1910 958 1968 interien-

103 2001 155 2057 tun
167 2018 228 2061 esse
249 2006 421 2063 Rubeitium
443 2007 586 2073 Plautum,
608 2023 748 2080 generum
767 2006 856 2064 Lueii
868 2006 959 2064 Vete-

104 2095 144 2154 n’s.
194 2104 251 2161 Sed
279 2104 399 2162 initium
432 2105 614 2178 detegendae
640 2103 784 2161 saevitiae
818 2101 959 2175 praebuit,

103 2193 260 2261 interversis
275 2203 391 2275 patroni
413 2205 506 2266 rebus,
530 2204 568 2259 ad
599 2202 798 2259 edomandum
818 2207 959 2274 transgre·

105 2292 176 2353 diens
190 2301 369 2358 Fortunatus
382 2301 510 2365 tibertus,
530 2298 645 2358 admito
665 2299 790 2357 Oiaudio
806 2298 960 2370 miniano,

106 2408 188 2465 quen,
196 2400 233 2455 ob
246 2399 361 2472 flagitia
374 2399 505 2456 vinetum
516 2415 532 2455 a
546 2399 668 2460 Vetere,
677 2397 766 2455 Asine
776 2398 961 2465 ermon-nte,

106 2496 222 2555 exsolvit
247 2498 341 2561 Nero,
370 2496 401 2555 in
429 2497 589 2569 praemium
615 2496 819 2555 ndousationis.
875 2495 960 2567 Quod

105 2590 147 2647 obi
158 2596 309 2669 cognitum
323 2612 382 2661 reo,
396 2613 484 2670 seque
502 2600 533 2652 et
554 2596 688 2671 libertum
702 2595 764 2668 pari
786 2600 863 2652 sorte
883 2610 960 2654 oom-

106 2690 177 2760 poni,
190 2694 364 2752 Formianos
378 2695 409 2750 in
423 2711 507 2769 agros
530 2694 696 2766 digreditur.
739 2694 805 2751 iiiia
829 2711 896 2750 eum
909 2693 961 2752 mi·

105 2785 164 2845 lites
181 2795 301 2851 oeeuitn
320 2793 453 2850 custodia
466 2792 656 2850 eircumdant.
700 2792 812 2850 Aderat
831 2792 903 2859 fitia,
916 2808 961 2850 ru·

107 2901 152 2957 per
168 2889 304 2965 ingruens
325 2892 496 2964 perieulum,
516 2892 603 2964 longo
616 2893 716 2948 doiore
733 2897 826 2956 atrox,
845 2909 883 2948 eu
903 2909 961 2965 qno

108 2998 281 3055 percussores
300 2974 408 3056 Plauti,
438 2989 535 3046 mariti
563 2989 615 3055 sui,
638 2989 768 3047 viderat:
800 2993 962 3046 eruentem·

109 3097 156 3156 que
172 3088 323 3145 cervicem
342 3088 405 3144 eius
425 3090 569 3159 amplexa,
589 3086 724 3144 servnbat
745 3086 918 3159 sangninem
931 3089 963 3141 et

109 3188 197 3241 restes
228 3200 394 3258 respersum
427 3185 524 3252 vidua,
545 3185 664 3257 inpiexn
699 3185 779 3242 iuotu
812 3182 962 3250 continuo,

109 3286 230 3344 neeuttis
244 3284 402 3350 admontis,
414 3284 471 3341 nisi
485 3301 558 3357 quas
573 3289 694 3341 mortem
708 3287 850 3338 areerent.
872 3279 962 3348 Tum,

110 3375 231 3440 hortante
261 3389 353 3454 patre,
385 3383 530 3454 Neapoiin
562 3381 665 3453 pergit.
707 3380 755 3444 Et,
783 3377 851 3451 quia
882 3375 963 3435 aditu

110 3473 224 3539 Nemnis
260 3481 474 3554 prohibebatur,
506 3496 637 3552 egressus
666 3478 812 3544 obsidens,
833 3475 963 3534 ‘audiret

111 3572 272 3650 ‘ineuntem
293 3597 370 3671 neve
381 3582 566 3641 'consulatus
583 3577 630 3638 sui
647 3577 792 3661 quondam
810 3577 967 3657 contegent
