2509 4292
145 354 220 404 ue.
236 358 273 403 aa
347 353 419 402 urs.
444 353 517 403 xrr.
569 356 649 403 cnr.
677 336 847 405 54.-57.
976 338 1025 409 39

144 510 245 587 'qnod
267 525 407 583 praesens
435 510 569 569 conditio
581 511 733 584 poscebat,
748 511 870 581 ratione,
891 514 1025 585 consiliu,

145 607 333 683 ‘praeceptis
357 608 527 683 pueritiam,
553 608 623 666 dein
639 608 794 668 iuventam
808 627 902 670 meam
915 613 1025 672 fovisti.

143 715 153 742 ¹
168 709 210 766 Et
225 714 275 766 tua
288 708 406 783 quidem
419 725 490 783 erga
505 726 552 766 me
577 724 709 776 munera,
723 711 793 768 dum
806 711 870 768 vila
883 717 1027 785 suppetet.

148 813 291 865 ‘aeterua
311 812 410 866 erunt:
434 824 508 882 quae
523 825 541 866 a
555 825 602 864 me
622 809 725 877 habes,
752 809 830 867 horti
843 816 873 867 et
893 810 977 868 lenus
996 814 1028 868 et

147 907 270 974 ⁸villae,
283 907 400 964 casibus
413 907 544 967 obnoxia
558 912 634 964 sunt.
649 925 695 973 ac,
709 907 781 966 licet
802 910 894 967 multa
907 909 1028 968 videan-

147 1012 225 1074 ‘tur,
238 1004 615 1081 plerique,haudquaquam
635 1006 745 1064 artibus
760 1007 817 1065 luis
832 1025 925 1081 pares,
945 1011 1028 1082 plura

147 1108 334 1162 ‘tenuerunt
391 1103 488 1162 Pudet
515 1105 621 1162 referre
655 1106 816 1174 libertinus,
836 1107 886 1181 qui
905 1107 1026 1167 ditiores

87 1253 93 1257 ,
145 1194 363 1278 ιερεοίειηίιιτ.’
390 1205 480 1261 Vnde
490 1204 581 1262 eliam
595 1205 692 1262 rubori
706 1205 777 1262 milri
792 1211 846 1273 est,
854 1208 930 1282 quod
945 1224 1026 1279 prae·

144 1303 270 1378 ‘cipuus
290 1303 424 1371 caritate,
444 1305 573 1361 nundum
599 1318 703 1362 omues
720 1304 835 1363 tonans
859 1305 1024 1364 antecellis.

142 1403 278 1459 ‘Verum
292 1406 323 1459 et
342 1402 506 1460 tibivalida
529 1409 621 1470 aetas,
651 1405 794 1478 rebusque
808 1408 839 1461 et
862 1403 969 1463 imclui
982 1399 1077 1463 retu

145 1510 231 1561 ‘rum
244 1502 411 1561 sufficiens:
432 1509 463 1562 et
490 1520 543 1561 nes
568 1503 662 1576 prium
676 1503 910 1576 imperiispatla
931 1503 1025 1579 ingre·

144 1603 278 1661 ‘dimura
299 1602 356 1660 nisi
368 1602 440 1660 lurle
453 1608 505 1660 ant
519 1608 549 1659 te
564 1601 691 1659 Vitellio
702 1607 748 1661 ter
762 1601 896 1670 consuli,
910 1608 960 1660 aut
977 1618 1025 1662 me

141 1702 297 1762 ‘Claudio
310 1701 471 1776 postponis.
514 1702 584 1768 Sed,
610 1680 751 1775 quantrim
779 1701 907 1759 Volusio
936 1703 1026 1776 longa

146 1802 351 1876 ‘parcimonia
371 1800 527 1876 qnaesivit,
548 1806 661 1859 lantum
685 1800 716 1858 iu
731 1807 761 1859 le
786 1819 852 1858 mea
865 1800 1026 1859 liberalitas

145 1904 285 1975 ‘explere
299 1916 358 1961 uon
371 1907 475 1975 polest.
519 1901 607 1974 Quin,
619 1900 646 1958 si
659 1892 716 1975 qua
730 1901 761 1958 iu
777 1906 860 1973 parte
880 1900 1025 1960 lubricum

145 2002 384 2059 ‘adolescentiae
399 2006 515 2059 nostrae
528 2001 669 2067 declinat,
681 2017 820 2067 revocas3
833 2003 1023 2072 ornatumque

142 2103 249 2159 ‘robur
275 2100 405 2159 subsidio
440 2101 599 2174 impensius
636 2099 723 2170 regis.
766 2098 837 2155 Non
873 2100 923 2154 tua
963 2114 1022 2156 mu-

142 2202 287 2267 ‘deratim
322 2201 348 2257 si
373 2201 534 2258 reddideris
571 2197 750 2273 pecuniam
793 2212 849 2252 nec
877 2195 969 2270 quies,
996 2197 1022 2256 si

147 2299 320 2373 ‘reliqueris
354 2296 541 2373 Principem
575 2299 629 2356 sed
664 2313 730 2354 mea
762 2295 896 2366 avaritia,
934 2312 1023 2354 meae

147 2398 351 2458 ‘crudelitatis
385 2404 479 2456 melus
519 2398 552 2454 in
585 2415 636 2455 ore
677 2395 807 2454 omniurn
844 2396 1015 2455 versabitur.
1058 2380 1061 2383 ¹

144 2500 306 2573 ‘Quod-si
334 2500 464 2556 maxime
488 2492 674 2556 continentia
703 2503 753 2554 tua
776 2498 917 2567 laudetur,
958 2515 1019 2557 nun

146 2604 267 2658 ‘tamen
296 2597 425 2671 sapienti
448 2596 511 2653 viro
534 2597 673 2653 decorum
698 2596 792 2665 luerit,
813 2594 892 2654 unde
921 2598 1019 2656 emico

143 2702 320 2761 ‘infamia-m
336 2707 429 2775 paret,
454 2701 524 2757 iude
546 2700 668 2773 gloriam
682 2701 737 2758 sibi
761 2698 912 2775 recipere?
961 2701 1017 2760 His

143 2802 248 2861 adiicit
283 2803 537 2872 complexumet
564 2802 674 2865 oscula,
713 2800 808 2857 lactus
842 2805 954 2868 natura,
977 2805 1020 2858 .et

145 2901 359 2962 consuetudine
373 2898 530 2966 exercitus,
546 2901 644 2956 velare
658 2900 756 2957 odium
777 2899 928 2957 fallacibus
941 2900 1021 2957 blau·

145 3001 237 3059 ditiis.
280 3001 398 3057 Seneca
421 2996 485 3073 (qui
508 2999 574 3056 linis
598 2998 728 3059 omnium
755 3017 823 3057 curn
849 3001 1020 3057 dominante

145 3095 336 3176 sermonum),
351 3103 446 3172 grates
467 3098 545 3172 agit:
566 3099 618 3155 sed
641 3098 775 3156 instituta
798 3098 900 3171 prioris
921 3103 1021 3170 poten·

145 3200 206 3258 tiae
230 3202 410 3257 commutat:
439 3192 572 3271 prohibet
595 3203 697 3255 coelus
718 3196 924 3255 salutantium:
945 3196 1022 3255 vitat

145 3299 346 3367 comitantem
387 3315 465 3354 rarus
493 3315 544 3371 per
577 3299 699 3365 nrbem;
733 3293 814 3369 quasi
849 3296 1019 3354 valetudine

130 3399 263 3456 -inlerlsa
277 3402 327 3454 aut
342 3397 506 3470 sapientiae
520 3397 623 3453 studiis
651 3395 838 3452 adtinerelur.
880 3392 1019 3454 Perculso
1030 3388 1073 3454 ⁵?

143 3500 273 3565 Seneca,
302 3503 466 3569 promptum
490 3496 552 3563 luit,
566 3495 676 3557 Rnl'nm
692 3492 818 3551 Fenium
843 3493 1019 3561 inminuere,

143 3595 322 3673 Agrippinae
343 3594 498 3653 amicitiem
511 3597 542 3653 in
561 3613 598 3652 eo
620 3593 863 3653 criminantibus:
885 3591 1021 3650 validior·

147 3713 205 3775 quc
219 3697 251 3755 iu
265 3695 331 3756 dies
353 3695 530 3771 Tigellinus,
552 3705 584 3753 et
604 3695 696 3755 malas
720 3699 805 3765 artes,
827 3693 931 3773 quibus
951 3685 1023 3743 solis
