2509 4292
114 386 157 431 a.
173 383 201 431 c.
216 385 253 432 n.
362 384 432 431 ars.
451 384 503 433 ιιι.
554 386 633 432 csr.
650 366 818 433 ao-aa.
915 363 987 430 277

104 542 115 568 ⁸
131 553 265 603 secures,
278 537 467 611 dniabrasque
481 543 512 595 et
529 544 627 595 cetera
647 536 850 611 expugnandis
862 536 989 610 urbibus,

100 639 114 665 ⁴
129 653 238 710 secum
252 635 423 693 adtulissent
442 634 463 693 ‘i’
482 638 634 709 rogitabat.
676 636 725 699 Et,
739 652 806 691 cum
820 635 989 698 abnuerent,

101 732 295 808 ‘gladiisne’
309 734 416 808 inquit,
445 742 453 767 ‘
468 740 498 791 et
512 734 579 806 pitis
594 734 771 808 perfringere
792 750 827 789 ac
852 734 988 788 subruere

104 839 232 889 ‘muros
246 835 323 889 uliae
349 850 451 889 manus
471 831 613 903 possunt?
648 832 682 888 Si
707 848 842 905 aggerem
867 838 988 891 struere,

103 937 115 965 ‘
128 932 160 988 si
172 930 276 1003 piuteis
290 931 455 987 cratibusve
468 930 577 1003 protegi
591 947 712 986 necesse
728 929 824 993 tuerit,
839 933 870 984 ut
884 930 988 1000 vulgus

103 1028 332 1101 ‘inprovidum
355 1028 445 1084 inriti·
462 1028 611 1092 stabimus,
645 1027 831 1083 altitudinem
859 1028 988 1091 turrium,

105 1132 166 1183 ‘et
180 1126 278 1183 atiena
303 1127 483 1182 munimenta
506 1122 666 1182 mirantes?
686 1125 766 1195 Quia
790 1124 885 1196 potius
908 1137 988 1180 mora

106 1224 231 1282 ‘noctis
247 1224 341 1289 unius,
354 1224 489 1280 advectis
514 1215 667 1279 tormentis
691 1223 900 1296 machinisque,
926 1222 987 1278 vim

107 1322 352 1394 ‘victoriamque
368 1322 518 1377 nobiscum
546 1318 695 1377 ierimusi'
730 1321 821 1377 Simul
843 1320 918 1377 iiras
939 1337 987 1376 oa-

107 1423 265 1493 renesque,
298 1437 365 1476 cum
398 1419 608 1475 recentissimis
633 1420 781 1492 equitum,
810 1418 985 1475 Bedriacum

99 1519 216 1583 -mittit,
246 1518 354 1589 copias,
385 1525 540 1590 ceteraque
568 1516 631 1572 usui
659 1518 813 1572 adiuturos.
855 1517 889 1573 id
915 1513 1033 1575 sero2l

110 1634 204 1688 aegre
236 1618 378 1671 tolerante
406 1615 509 1681 milite,
538 1632 625 1687 prope
652 1613 826 1671 seditionem
856 1623 985 1683 ventum,

96 1731 184 1771 ‚cum
213 1712 353 1787 progressi
381 1714 492 1787 equites
513 1715 566 1770 sub
588 1716 652 1784 ipsa
680 1713 805 1778 moenia,
830 1728 920 1786 sagos
944 1730 983 1770 ex

102 1813 361 1870 -Gremonensibus
380 1811 556 1883 corripiunt.
570 1827 688 1885 quorum
710 1810 822 1866 iudicio
836 1813 982 1868 nosciturz

99 1918 116 1953 2⁴
128 1928 187 1966 sex
204 1909 380 1966 Vitellianas
401 1909 530 1982 legiones
544 1927 717 1983 onruemque
741 1909 912 1972 exercitum,
933 1910 983 1982 qui

107 2015 118 2041 ⁴
132 2009 280 2084 Hostiiiae
293 2015 401 2080 egerat,
414 2025 451 2063 eo
469 2008 532 2081 ipso
541 2008 589 2064 die
603 2008 722 2080 triginta
746 2008 837 2063 miliia
850 2024 982 2078 passuum

108 2114 293 2171 ‘emensam
307 2112 454 2173 comperta
478 2122 593 2162 suorum
617 2106 711 2171 clade,
726 2105 756 2160 in
781 2104 920 2175 proelium
934 2121 982 2161 ao·

28 2259 30 2264 ,
100 2212 121 2240 “
132 2205 216 2277 cingi
230 2221 265 2261 ac
273 2204 331 2261 iam
342 2201 457 2260 adfore?
478 2205 507 2261 is
521 2210 611 2259 terror
620 2205 780 2258 obstructas
792 2209 903 2258 mentes
914 2218 981 2260 con·

109 2302 191 2360 siiiis
213 2303 305 2358 Ducis
319 2302 438 2374 aperuit.
481 2302 591 2359 Sistere
606 2300 720 2356 tertiam
735 2301 879 2357 tissimum
894 2301 982 2373 tegio·

111 2418 196 2463 uem,
210 2399 239 2457 iu
253 2401 316 2470 ipso
332 2402 397 2456 uiae
415 2400 579 2456 Postumiae
588 2415 702 2471 aggere,
716 2399 805 2461 iubet,
819 2400 868 2455 cui
880 2399 982 2456 iuncta

111 2516 132 2554 a
158 2500 243 2554 iaevo
256 2499 379 2569 septima
393 2498 549 2563 Galbiana,
563 2496 675 2569 patenti
688 2501 793 2569 campo
807 2497 898 2563 stetit,
911 2497 981 2555 dein

111 2597 241 2667 septima
273 2596 446 2659 Claudiana,
464 2597 568 2668 agresti
598 2596 675 2651 iussa
703 2593 759 2670 (ita
793 2599 873 2653 iocus
905 2602 982 2672 erat)

102 2694 315 2768 -praemnnita3
349 2695 462 2759 dextro,
489 2700 596 2749 octaua
617 2711 668 2762 per
690 2702 820 2766 apertum
848 2695 982 2762 iimitem,

112 2810 186 2849 mox
202 2793 294 2858 tertia,
306 2791 405 2848 densis
419 2791 540 2847 arbustis
564 2791 731 2865 intersepta.
753 2793 802 2851 bic
821 2795 980 2869 aquitarum

111 2890 319 2962 signorumque
346 2891 431 2945 ordo:
453 2889 560 2945 milites
588 2890 675 2956 mixti
702 2908 753 2963 per
778 2895 921 2958 tenebras,
950 2897 982 2948 ut

20 3063 21 3070 ἵ
101 2988 173 3044 dors
198 2992 318 3045 tulerat:
341 2985 556 3043 Praetorianunr
582 2990 722 3046 vexilium
743 2990 903 3060 proximum
928 2995 982 3046 ter·

20 3081 21 3126 1
100 3086 223 3155 ‘tianis3
244 3087 378 3143 cohortes
404 3085 577 3143 auxiliorum
601 3086 632 3141 in
655 3086 805 3153 cornibus3
830 3089 920 3142 intera
946 3075 983 3142 ac

113 3191 197 3257 terga
220 3184 318 3257 equite
342 3184 536 3240 circumdata:
559 3175 632 3239 Sido
651 3186 736 3253 atque
759 3183 888 3248 italicus,
912 3184 982 3239 Sue·

112 3282 156 3350 ui,
180 3262 246 3338 cunr
273 3282 397 3338 deiectis
422 3279 608 3353 popularium,
635 3278 752 3352 primori
779 3280 810 3336 iu
834 3280 898 3336 acie
920 3298 984 3337 ver·

112 3381 258 3437 sabantur.
302 3361 344 3437 At
365 3379 542 3436 Vitellianus
566 3375 722 3456 exercitus,
735 3376 782 3451 qui
796 3378 982 3451 adquiescere
993 3388 1037 3446 22

115 3478 291 3544 Cremonae,
318 3482 358 3542 et,
391 3477 563 3550 reciperatis
583 3477 652 3532 cibo
678 3489 835 3549 somnoque
861 3475 982 3541 viribus,

114 3576 282 3634 contectum
302 3578 402 3650 algore
425 3581 511 3650 atque
533 3574 633 3631 inedia
654 3575 777 3645 bostem,
797 3578 912 3649 postera
933 3577 984 3638 dis

156 3690 222 3729 ron.
244 3691 279 3731 rr.
526 3669 530 3676 ’
557 3675 595 3730 at
608 3666 625 3701 *
659 3715 664 3722 .
