2509 4292
192 360 216 430 6
520 382 706 430 nanaarrrs
921 382 952 430 s.
967 380 998 429 v.
1014 382 1077 430 na

193 539 254 593 lum
278 533 405 609 invitata
428 524 465 592 ad
488 538 589 607 epulas
603 540 717 603 eratul
740 535 918 593 occultando
941 533 1072 592 facinori

193 651 252 692 noa
275 635 468 691 adhiberetur.
512 634 590 691 Satis
609 633 753 700 eonstitit,
769 630 922 692 ‘exstitisse
943 633 1074 706 prodito·

194 750 264 798 rem,
291 739 322 790 et
348 732 550 806 Agrippinam,
576 732 684 790 auditis
712 731 836 797 insidiis,
866 749 905 788 an
933 733 1072 788 erederet

194 832 369 904 ambiguam,
389 830 552 904 gestamine
572 833 664 888 sellae
686 830 775 888 Baias
798 836 979 903 perventum.
1020 829 1073 886 lbi

194 930 424 987 blandimentum
450 930 619 986 sublevavit
634 936 761 986 metum:
782 930 906 986 comiter
926 933 1066 999 eseepls,

196 1046 335 1102 superque
360 1028 455 1099 ipsum
475 1029 641 1085 conlocata.
682 1028 762 1084 Nam
787 1027 915 1099 pluribus
929 1025 1072 1082 sermoni·

196 1128 258 1192 bus,
283 1128 369 1183 modo
393 1126 589 1184 familiaritate
613 1125 738 1183 iuvenili
755 1127 835 1182 Nero
852 1131 883 1181 el
903 1142 998 1182 rursus
1019 1124 1073 1180 ad·

196 1226 309 1292 duetus,
335 1227 416 1300 quasi
439 1225 515 1283 seria
542 1225 735 1289 consociaret,
762 1230 856 1281 traeto
888 1223 920 1280 in
950 1225 1071 1297 tongues

196 1323 347 1391 convictu,
372 1324 550 1399 prosequitur
579 1326 745 1388 abeuntem,
778 1322 886 1379 arelius
915 1321 1008 1379 oeulis
1037 1326 1073 1379 et

195 1424 308 1497 pectori
323 1425 454 1492 haerens,
467 1423 531 1480 sive
553 1423 702 1495 explenda
721 1420 916 1487 simulatione,
930 1438 980 1477 seu
996 1419 1076 1492 paeri·
1116 1487 1119 1490 .

196 1526 277 1579 lurae
306 1523 406 1581 matris
431 1539 579 1591 supremus
612 1522 777 1592 adspectus,
810 1519 943 1593 quamvis
976 1519 1073 1576 lerum

166 1613 327 1683 5animum
354 1622 506 1679 retinebat.
548 1623 676 1678 Noetem
697 1621 838 1679 sideribus
866 1621 1017 1679 inlustrem
1038 1625 1071 1678 et

196 1720 314 1793 placido
333 1722 403 1777 meri
416 1721 553 1794 quietam,
563 1721 645 1793 quasi
660 1721 898 1777 convincendum
911 1720 948 1776 ad
962 1721 1085 1788 eoelum*

198 1818 252 1876 Dii
277 1804 443 1891 praebuere.
483 1820 549 1876 Neo
566 1797 693 1875 'multum
717 1824 779 1876 erat
805 1837 953 1892 progressa
973 1820 1082 1887 navis,¹

197 1918 309 1975 duobus
322 1936 340 1974 e
355 1934 473 1975 numero
486 1916 672 1975 familiarium
689 1917 881 1991 Agrippinam
904 1917 1084 1974 comitanti·

196 2019 273 2075 bus:
293 2036 331 2074 ex
345 2017 409 2091 quis
431 2016 606 2090 Crepereius
628 2015 733 2073 Gallus
748 2017 823 2074 baud
855 2018 954 2088 proeul
969 2017 1082 2090 guber·

199 2117 312 2176 naeulis
330 2119 471 2184 adstabat,
498 2114 668 2180 Aoerronia,
691 2133 776 2187 super
800 2116 889 2188 pedes
910 2115 1074 2174 cubitantis

198 2217 328 2286 reelinis,
336 2213 610 2294 poenitentlomfllli,
634 2220 660 2271 et
682 2213 866 2291 mperatum
888 2211 990 2271 maria
1000 2230 1077 2289 gra·

199 2314 277 2382 liam,
306 2335 357 2389 per
382 2316 519 2390 gaudium
547 2316 744 2373 memorabat:
774 2331 851 2380 eum,
878 2316 949 2372 dato
974 2316 1087 2388 signo,-

199 2431 283 2470 ruere
296 2421 406 2471 tentum
427 2413 493 2477 loni,
518 2414 610 2468 multo
631 2414 750 2483 plumbo
770 2431 879 2487 gravet
899 2432 1072 2489 pressusque

200 2512 374 2584 Crepereius
393 2517 423 2568 et
437 2510 535 2569 statim
555 2511 741 2570 exanimatus
758 2518 812 2569 est.
855 2513 1019 2587 Agrippina
1039 2519 1071 2571 et

201 2610 365 2685 Aeprronin
389 2609 587 2666 eminentibus
608 2609 680 2666 teeti
703 2609 870 2682 parietibus,
883 2629 919 2669 ae
934 2612 1007 2669 lorte
1023 2629 1087 2670 va··

184 2707 359 2773 ‘lidioribus,
384 2725 469 2781 quam
493 2713 524 2764 ut
545 2707 628 2765 oneri
649 2708 799 2774 oederent,
823 2716 973 2782 protectae
993 2716 1071 2769 sunt.

201 2826 258 2868 nee
283 2807 435 2864 dissolutio
448 2806 560 2879 navigii
584 2808 766 2880 sequebatur,
791 2808 911 2865 turbatis
925 2810 1073 2878 omnibus,

201 2914 241 2975 nt,
255 2908 331 2982 quod
346 2905 475 2981 plerique
498 2905 602 2980 ignari,
616 2905 706 2962 etiam
720 2906 856 2963 oonseios
870 2908 1073 2980 inpediebanl.

200 3006 308 3065 Visum
322 3005 429 3063 dehine
444 3006 610 3080 remigibus,
635 3013 741 3063 ‘unum
763 3004 794 3062 in
820 3006 894 3062 latus
917 3005 1074 3074 inclinare,

202 3112 305 3181 ‘atque
332 3105 374 3162 ila
399 3088 507 3163 'navem
540 3103 743 3178 submergere)
792 3105 851 3162 Sed
879 3122 973 3179 neque
1000 3106 1075 3179 ipsis

202 3211 351 3279 promptus
365 3204 396 3261 in
422 3221 483 3261 rem
506 3203 630 3261 subitam
655 3221 825 3270 consensus,
843 3203 948 3271 etalii,
969 3213 1088 3264 eontra⁴

202 3305 341 3371 nitentes,
364 3304 471 3360 dedere
493 3302 662 3359 laenitatem
684 3302 801 3359 lenioris
821 3303 851 3359 in
867 3321 945 3360 mare
966 3304 1073 3362 iaetus.

202 3405 314 3462 Verum
337 3401 501 3460 Acerronia
522 3402 690 3474 inprudens,
710 3401 788 3468 dum,
810 3406 859 3458 ‘se
877 3402 1076 3476 Agrippinam

233 3578 266 3629 lt
274 3591 355 3627 rursus
362 3576 485 3639 amnuo]
514 3575 541 3624 ld
551 3578 594 3634 est,
602 3589 700 3634 ravenas,
712 3573 853 3636 compositus,
863 3573 943 3636 gravia
