2509 4292
92 352 203 402 scre.
305 353 376 400 ara.
400 355 424 400 1.
475 354 554 401 car.
582 335 783 432 dd.-756.,
869 339 940 407 165

90 507 209 571 adactae,
221 493 311 564 molta
326 504 512 564 cunctatione
522 513 552 564 et
562 508 633 565 rsrls
645 508 798 580 primorum
809 512 940 571 ordinum

91 607 217 661 vocibus:
238 605 330 662 ceteri
343 606 462 684 silentio
486 605 611 678 proximi
638 610 777 681 cuiusque
791 610 941 693 audaciam

90 710 304 774 exspectantes:
327 705 415 762 insita
443 705 610 763 mortalibus
625 689 736 773 natura,
750 697 870 779 propere
896 727 938 766 se·

89 803 142 875 qui,
154 822 219 876 qnae
233 804 313 877 piget
325 804 473 861 inclmare.
515 805 574 861 Sed
590 805 660 877 ipsis
676 806 838 878 legionibus
850 806 944 865 inerat

38 902 41 907 ’
91 899 232 958 diversitas
253 904 426 961 animorum.
467 901 596 959 Primani
622 904 811 978 quintanique
837 906 943 963 turbidi

89 999 163 1064 adeo,
183 1007 211 1056 ut
223 994 342 1073 qnidarb
358 1019 430 1057 saxa
444 1001 475 1057 in
505 1000 620 1057 Galbae
635 1002 776 1075 imagines
801 1003 941 1060 iecerint:

91 1096 289 1169 quintadecima
312 1116 348 1155 ac
393 1098 592 1156 sextadecima
612 1100 752 1172 legiones,
774 1095 847 1158 nihil
870 1104 944 1159 ultra

87 1194 216 1252 tremitum
230 1204 259 1253 et
273 1192 368 1253 minas
383 1216 479 1262 ansae,
493 1197 609 1253 initium
639 1201 807 1270 erumpendi
821 1200 944 1258 circum·

90 1298 255 1364 spectabant.
300 1298 344 1353 At
369 1296 399 1352 in
425 1295 573 1367 superiori,
595 1302 695 1370 quarta
709 1280 943 1357 ac‘duodevice·

90 1390 154 1446 sima
166 1395 304 1465 legiones,
331 1392 435 1450 iisdem
450 1394 579 1450 bibernis
607 1396 770 1462 tendentes,
797 1396 860 1475 ipso
885 1398 943 1455 Ka·

89 1489 158 1545 leod.
171 1488 175 1493 ⁴
187 1492 387 1549 ianuariarum
402 1490 461 1560 die,
474 1492 642 1563 dirumpunt
655 1491 797 1567 imagines
818 1494 942 1552 Galbae:

89 1595 177 1662 quarta
208 1592 287 1665 legio
310 1591 479 1664 promptius,
505 1591 746 1647 duodevicesima
762 1578 943 1662 cunctanter,

90 1703 148 1743 nox
160 1706 315 1746 consensu.
359 1691 414 1754 Ac,
436 1707 473 1745 ne
485 1689 681 1745 reverentiam
698 1690 815 1762 imperii
834 1709 943 1749 exuere

89 1785 252 1863 riderentur,
290 1789 417 1844 Senatus
444 1786 606 1860 Popolique
640 1787 765 1845 Romani
789 1790 956 1846 obliterata*

89 1881 139 1940 iarn
162 1888 279 1943 nomina
297 1870 478 1941 sacramento
504 1886 705 1942 advocabant:
718 1890 807 1966 -nnllo
820 1878 944 1959 Legato-

89 1997 142 2036 rnm
155 1982 393 2043 'tribunorumve
420 2003 471 2057 pro
492 1985 588 2042 Galba
617 1986 739 2051 nitente,
765 1984 945 2058 quibusdam,

89 2080 154 2136 utin
175 2088 310 2152 tumultu,
333 2084 489 2140 notabilius
517 2083 707 2140 turbantibus.
750 2082 817 2137 Non
846 2086 944 2137 tamen

86 2177 225 2253 ,quisquam
239 2182 273 2238 in
300 2182 415 2238 modum
442 2181 595 2238 concionis
621 2198 639 2236 e
663 2166 798 2253 suggestu
822 2180 943 2234 locutus.

89 2290 172 2349 neque
192 2280 273 2336 enim
289 2285 350 2335 erat
364 2280 468 2344 adhuc,
495 2278 544 2336 oui
556 2276 745 2350 inputaretur.
789 2276 944 2347 Spectator
954 2282 995 2340 50
1080 2317 1081 2321 ,

90 2369 180 2446 flagilii
194 2377 381 2433 Hordeonius
396 2378 531 2442 Flaccus,
545 2375 714 2432 Consularis
728 2376 865 2448 Legatos,
880 2375 945 2431 ade·

90 2475 127 2527 rat
148 2491 203 2530 non
231 2492 421 2546 compescere
444 2480 569 2537 ruentes,
592 2492 650 2530 non
678 2474 804 2529 retinere
832 2473 944 2540 dubios,

90 2582 140 2625 non
172 2573 320 2629 cohortari
348 2575 439 2629 bonos
466 2589 567 2628 susus:
601 2573 652 2629 sed
685 2570 792 2643 segnis,
821 2572 943 2642 pavidus

90 2671 254 2728 etsocordia
274 2670 427 2727 innocens.
469 2668 598 2741 Quattuor
617 2670 810 2726 Centuriones
837 2671 943 2726 dnode-

90 2763 239 2826 vicesimae
277 2768 411 2841 legionis,
445 2767 558 2824 Nonius
599 2767 757 2839 Receptus,
797 2768 944 2825 Donatius

90 2859 203 2933 Valens,
214 2867 360 2924 Romilius
376 2865 543 2930 Marcellus,
564 2865 737 2935 Calpurnius
754 2866 944 2937 Repentinus,

91 2975 149 3019 cum
176 2961 360 3038 protegerent
386 2964 500 3020 Galbae
527 2963 678 3036 imagines,
703 2963 803 3034 inpetu
818 2964 945 3019 militum

89 3060 194 3132 abrepti
228 3064 392 3136 vinctique.
445 3063 510 3118 Nec
529 3062 662 3134 cuiquam
697 3062 770 3117 ultra
791 3061 861 3116 tides
895 3064 945 3114 aut

37 3188 38 3203 2
89 3161 218 3217 memorie
232 3161 335 3235 prioris
359 3160 553 3216 sacramenti:
574 3162 634 3227 sed,
649 3159 724 3231 qood
752 3159 782 3212 in
797 3154 948 3213 seditioni·

90 3255 136 3312 bns
156 3260 272 3324 accidit,
285 3261 360 3315 unde
375 3261 469 3331 plnres
481 3264 572 3323 erant,
592 3273 694 3312 omnes
708 3254 795 3308 luere.
838 3255 945 3319 Nocte,

90 3368 156 3424 quae
170 3356 236 3414 Kal.
258 3357 407 3415 lanuarias
428 3361 529 3412 secuta*
547 3362 601 3418 est,
622 3352 654 3409 in
668 3350 813 3408 coloniam
845 3351 946 3423 Agrip·

117 3526 160 3574 Cui
167 3531 327 3592 damnamur]
357 3531 438 3599 Neque
452 3531 513 3582 caim
525 3533 578 3577 eret
589 3527 613 3576 iu
627 3540 658 3579 eo
669 3514 774 3583 tumultu
789 3523 826 3587 qni
836 3523 915 3575 tuen
923 3538 947 3575 rs

93 3591 215 3637 menoses.
245 3589 308 3641 Brut.
434 3610 436 3613 ·
