2509 4292
280 348 350 430 106
623 376 808 425 sunsumu
995 374 1146 425 ausis.

276 534 418 592 ‘dederet
437 530 562 599 libertc,’
580 533 666 590 morlo
685 530 817 590 muliebri
837 529 956 598 eiulatu,
975 520 1148 605 aliquando,

276 649 379 692 sexum
395 649 520 706 egressa,
536 648 610 688 voce
622 631 746 697 intensa,
759 630 940 697 clamitabat,
948 630 1045 687 donec
1059 631 1149 688 Prin·

276 749 347 804 ceps
366 726 535 789 inmobilem
548 749 580 788 sc
601 731 733 803 precibus
752 728 884 786 invidiae
905 729 987 786 iuxta
1000 729 1152 797 ostendit.¹

226 816 263 875 ll
276 830 355 905 Ergo
369 828 483 888 nuntiat
496 829 580 902 patri,
593 827 741 885 ‘abiicere
755 844 836 900 spem
848 826 931 885 etuti
944 824 1148 886 necessitate?

277 930 371 988 Simul
394 927 528 991 adfertur,
548 927 658 1000 ‘parari
682 926 880 1001 cognitionem
894 927 1021 984 Senatus
1034 931 1065 982 el
1085 933 1145 985 tru-

276 1032 359 1084 ‘cem
390 1022 585 1083 sententium?
640 1025 706 1082 Nec
733 1023 859 1090 deluere,
892 1024 942 1099 qui
976 1033 1143 1095 monerent,

276 1133 397 1198 ‘magna
412 1142 450 1182 ex
473 1129 554 1196 purte
567 1124 723 1181 bseredem
737 1123 893 1180 Caesarem
908 1139 1086 1196 nuncupare,
1098 1129 1145 1181 al·

276 1228 350 1296 ‘que
373 1221 416 1278 its
438 1220 592 1293 nepotibus
613 1222 651 1277 de
666 1221 776 1294 reliquo
802 1220 974 1278 consulere?
992 1223 1068 1296 quo'd
1092 1223 1145 1280 ad·

276 1324 435 1393 spernatur,
449 1337 487 1376 ne
500 1319 602 1383 ultam,
631 1320 761 1392 proxime
788 1319 951 1378 libertatem
965 1324 1071 1387 actam,
1089 1336 1143 1397 uo:

276 1418 397 1476 sissimo
409 1417 678 1484 servilioloedarel,
698 1417 816 1492 largitur
832 1416 864 1474 in
878 1435 987 1484 servos,
1000 1425 1144 1493 quantum

276 1517 376 1574 aderat
390 1515 549 1590 pecuniae:
569 1522 609 1581 et,
629 1515 674 1572 ‘si
701 1533 756 1589 qua
770 1517 911 1588 asportari
934 1521 1061 1589 possent,
1083 1504 1145 1573 sibi

250 1644 255 1649 -
277 1619 437 1687 ‘quemque
461 1613 615 1678 deducere,
629 1611 680 1668 tris
701 1614 787 1669 modo
802 1615 925 1670 lectulos
945 1615 982 1670 ad
1005 1630 1145 1685 suprema

277 1710 431 1778 ‘retineri’
451 1711 540 1768 iubet.
582 1712 671 1767 'l'unc
695 1713 798 1767 eodem
821 1710 853 1769 in
877 1713 1021 1776 cubiculo,
1034 1714 1144 1769 eodem

278 1811 352 1867 terro
365 1811 539 1868 abscindunt
566 1828 667 1878 venas,
692 1810 871 1885 properique,
887 1816 915 1866 et
940 1810 1061 1884 singuiis
1076 1827 1145 1866 ves-

277 1908 353 1967 tibus
366 1911 403 1966 sd
428 1908 634 1966 verecundiam
649 1907 749 1975 relati,
771 1908 882 1966 balneis
895 1908 1071 1966 intemntur:
1090 1925 1143 1981 pa·

279 2013 322 2065 ter
342 2009 441 2071 liliam,
467 2007 536 2065 aria
564 2015 691 2079 neptem,
718 2006 769 2065 illa
796 2015 930 2081 utrosque
957 2007 1084 2074 intuens,
1107 1998 1143 2065 et

277 2107 411 2164 certatim
426 2111 576 2180 precantes
596 2105 725 2163 ‘labenti
749 2106 864 2163 animae
878 2108 1004 2164 celerem
1017 2106 1141 2174 exitum,

278 2208 335 2260 ‘ut
375 2205 570 2280 relinquerent
603 2221 670 2260 suos
704 2204 873 2276 superstites
899 2209 930 2260 et
962 2188 1139 2262 morituros?

279 2301 474 2377 servavitque
486 2303 617 2360 ordinem
632 2302 761 2358 lortuua:
782 2318 818 2359 sc
832 2303 962 2359 seniores
976 2303 1062 2375 prius,
1078 2309 1142 2361 tum

277 2398 327 2456 cui
340 2399 431 2471 prima
454 2406 544 2465 aetas,
564 2399 794 2473 exstinguuntur.
838 2400 981 2457 Adcurati
1008 2406 1072 2473 post
1095 2417 1142 2456 se·

278 2497 430 2570 pulturam,
442 2496 658 2571 decretumque,
675 2504 708 2553 ut
719 2513 795 2554 more
814 2496 953 2554 maiorum
962 2496 1142 2574 punirentur.

277 2592 317 2651 Et
332 2593 412 2650 Nero
426 2592 590 2651 intercessit
611 2601 725 2652 monem
748 2593 808 2653 sine
827 2595 936 2653 arbitro
958 2596 1138 2670 permittens.

228 2700 322 2763 12ea,
353 2691 492 2748 caedibus
519 2691 653 2765 peractis,
681 2693 803 2751 ludibria
828 2695 1050 2752 adliciebantur.
1103 2697 1141 2754 P.

278 2787 390 2855 Gallus,
403 2788 501 2863 Eques
524 2790 683 2854 Romanus,
710 2793 784 2866 quod
800 2792 894 2850 Fenio
917 2792 993 2851 Rufo
1018 2794 1141 2853 intimus

277 2892 308 2946 et
320 2886 425 2944 Veteri
452 2905 511 2946 non
538 2888 651 2946 nlieuus
674 2890 776 2957 luerat,
790 2908 863 2964 aqua
882 2896 969 2966 alque
993 2892 1055 2967 igni
1075 2896 1140 2967 pro'-

277 2985 385 3044 bibitus
399 2992 453 3044 est.
491 2987 612 3050 Liberlo
625 2992 654 3043 et
673 2988 836 3045 adcusatori
850 2990 1009 3061 praemium
1022 3008 1139 3063 operae,

278 3086 359 3142 locus
373 3085 404 3142 iu
432 3085 544 3143 theatro
566 3085 643 3142 inter
663 3085 789 3143 viatores
817 3084 1019 3152 Tribunicios,
1043 3091 1138 3149 datur.

278 3182 319 3241 Et
354 3183 470 3249 mensis,
493 3184 542 3258 qui
567 3184 710 3258 Aprilem,
737 3186 926 3260 eumdemque
960 3187 1140 3259 Neroneum,

278 3284 458 3357 sequebatur,
470 3282 566 3340 Maius
585 3279 707 3350 Claudii,
722 3283 822 3340 lunius
835 3281 1002 3355 Gennaniei,
1015 3290 1140 3346 voeabu-

278 3380 315 3438 lis
342 3385 503 3439 mutantur:
537 3381 712 3438 testificante
739 3372 877 3440 Cornelio
903 3383 1006 3452 Orfito,
1031 3386 1082 3462 qui
1108 3388 1139 3446 id

307 3571 371 3627 More
379 3574 497 3635 mierum]
528 3574 588 3631 Quid
597 3575 650 3657 boe,
665 3589 687 3624 r.
699 3576 729 3636 11,
739 3578 776 3636 32,
785 3579 809 3624 et
818 3590 854 3645 sp.
866 3575 928 3624 Suet,
937 3575 972 3630 tt.
